@string{lncs       = "Lecture Notes in Computer Science"}
@string{pub-sv      = "Springer--Verlag"}

@TechReport{ATG_SAL,
  title =	 "Automated Test Generation with {SAL}",
  author =	 {Hamon, G. and De Moura, L. and Rushby, J.},
  institution =	 {Computer Science Laboratory, SRI International},
  year =	 2005
}

@Misc{Accurate08,
  key =		 {Accurate08},
  author =	 "{ACCURATE}: A Center for Correct Usable Reliable
                  Auditable and Transparent Elections",
  title =	 {Annual Report},
  year =	 2008,
  annote =	 {available via
                  \url{http://http://accurate-voting.org/2008/}}
}

@Misc{BCSTV,
  key =		 {BCSTV},
  author =	 {Gobbi, Michael},
  title =	 {British Columbia - Single Transferable Vote},
  month =	 {January},
  year =	 2009,
  annote =	 {available via \url{http://www.understandingstv.ca/}}
}

@Misc{BVI03,
  key =		 {BVI03},
  author =	 { Joseph R. Kiniry and Martijn Oostdijk and Engelbert
                  Hubbers },
  title =	 { Beveiligingsanalyse van Internetstembureau.nl },
  year =	 2004,
  howpublished = {Presented to the Dutch parliament in 2004.}
}

@InProceedings{Beyer2004,
  author =	 {Dirk Beyer and Adam J. Chlipala and Thomas
                  A. Henzinger and Ranjit Jhala and Rupak Majumdar},
  title =	 {Generating Tests from Counterexamples},
  booktitle =	 "Proceedings of {ICSE'04}",
  year =	 2004,
  doi =
                  {http://doi.ieeecomputersociety.org/10.1109/ICSE.2004.1317455},
  publisher =	 pub-compsci
}

@Misc{CEV00,
  key =		 {CEV00},
  author =	 {{Department of Environment and Local Government,
                  Commission on Electronic Voting in Ireland}},
  title =	 {Count Requirements and Commentary on Count Rules},
  month =	 {23 June},
  year =	 2000,
  annote =	 {available via
                  \url{http://www.cev.ie/htm/tenders/pdf/1_2.pdf}}
}

@Misc{CEV00-16,
  key =		 {CEV00-16},
  author =	 {{Department of Environment and Local Government,
                  Commission on Electronic Voting}},
  title =	 {Count Requirements and Commentary on Count Rules,
                  {section 16}},
  month =	 {23 June},
  year =	 2000,
  annote =	 {available via
                  \url{http://www.cev.ie/htm/tenders/pdf/1_2.pdf}}
}

@book{dijkstra1979structured,
  title={Structured programming},
  author={Dijkstra, E.},
  year={1979},
  publisher={Yourdon Press}
}

@inproceedings{jackson2000finding,
  title={Finding bugs with a constraint solver},
  author={Jackson, D. and Vaziri, M.},
  booktitle={ACM SIGSOFT Software Engineering Notes},
  volume={25},
  number={5},
  pages={14--25},
  year={2000},
  organization={ACM}
}

@Misc{CEV02,
  key =		 {CEV02},
  author =	 {{Department of Environment and Local Government,
                  Commission on Electronic Voting}},
  title =	 {Count Requirements and Commentary on Count Rules,
                  Update No.~7: Available surpluses and candidates
                  with zero votes},
  month =	 {14 April},
  year =	 2002,
  annote =	 {available via
                  \url{http://www.cev.ie/htm/tenders/pdf/1_4_7.pdf}}
}

@Misc{CEV2ndReport,
  key =		 {CEV2ndReport},
  author =	 "{Department of Environment and Local Government,
                  Commission on Electronic Voting}",
  title =	 "{Final Report of Commission on Electronic Voting}",
  month =	 jul,
  year =	 2006,
  annote =	 {available via
                  \url{http://www.cev.ie/htm/report/download_second.htm}}
}

@Misc{CEVApp2Ept1,
  key =		 {CEVApp2Ept1},
  author =	 {Lorcan Coyle and Padraig Cunnigham and Donal Doyle},
  title =	 {Validity of the Electronic Implementation of the
                  Counting Rules for Elections},
  month =	 dec,
  year =	 2004,
  annote =	 {available via
                  \url{http://www.cev.ie/htm/report/first_report/pdf/Appendix%202E-Part1.pdf}}
}

@article{gallagher1992comparing,
  title={Comparing proportional representation electoral systems: Quotas, thresholds, paradoxes and majorities},
  author={Gallagher, M.},
  journal={British Journal of Political Science},
  volume=22,
  number=4,
  pages={469--496},
  year=1992,
  publisher={Cambridge Univ Press}
}

@MastersThesis{Cochran06,
  author =	 {Dermot Cochran},
  title =	 "Secure Internet Voting in {Ireland} using the {Open
                  Source Kiezen op Afstand (KOA)} Remote Voting
                  System",
  school =	 {University College Dublin},
  year =	 2006,
  month =	 mar
}

@InProceedings{Cohen2003,
  author =	 {Myra B. Cohen and Peter B. Gibbons and Warwick
                  B. Mugridge and Charles J. Colbourn},
  title =	 {Constructing Test Suites for Interaction Testing},
  booktitle =	 "Proceedings of {ICSE'03}",
  issn =	 {0270-5257},
  year =	 2003,
  doi =
                  {http://doi.ieeecomputersociety.org/10.1109/ICSE.2003.1201186},
  publisher =	 pub-compsci
}

@Misc{Coyle2004,
  key =		 {Coyle2004},
  author =	 {Lorcan Coyle and Padraig Cunnigham and Donal Doyle},
  title =	 "{Appendix 2D} - Second Report of Commission on
                  Electronic Voting in {Ireland}: Secrecy, Accuracy
                  and Testing of the Chosen Electronic Voting System:
                  Reliability and Accuracy of Data Inputs and Outputs",
  month =	 dec,
  year =	 2004,
  annote =	 {available via
                  \url{http://www.cev.ie/htm/report/first_report/pdf/Appendix%202D.pdf}}
}

@conference{ESCJava2,
  title={{{ESC/Java2}: Uniting {ESC/Java} and {JML}}},
  author={Cok, D.R. and Kiniry, J.R.},
  booktitle={CASSIS},
  volume={3362},
  pages={108--128},
  year={2004},
  organization={Springer}
}

@InProceedings{Dabal1999,
  author =	 {S. R. Dalal and A. Jain and N. Karunanithi and
                  J. M. Leaton and C. M. Lott and G. C. Patton and
                  B. M. Horowitz},
  title =	 {Model-based Testing in Practice},
  booktitle =	 "Proceedings of {ICSE'99}",
  issn =	 {0270-5257},
  year =	 1999,
  doi =
                  {http://doi.ieeecomputersociety.org/10.1109/ICSE.1999.841019},
  publisher =	 pub-compsci
}

@conference{mcgaley2004transparency,
  title={{Transparency and e-voting: Democratic vs. commercial interests}},
  author={McGaley, M. and McCarthy, J. and Maynooth, NUI and Limited, A.},
  booktitle={the International Workshop on Electronic Voting in Europe},
  pages={153--163},
  year={2004},
  organization={Citeseer}
}

@Article{DetlefsNelsonSaxe2005,
  author =	 {David Detlefs and Greg Nelson and James B. Saxe},
  title =	 {Simplify: a theorem prover for program checking},
  journal =	 jacm,
  volume =	 52,
  number =	 3,
  year =	 2005,
  issn =	 {0004-5411},
  pages =	 {365-473},
  doi =		 {http://doi.acm.org/10.1145/1066100.1066102},
  publisher =	 pub-acm,
  address =	 {New York, NY, USA},
}

@InProceedings{Dunietz1997,
  author =	 {I. S. Dunietz and W. K. Ehrlich and B. D. Szablak
                  and C. L. Mallows and A. Iannino},
  title =	 {Applying Design of Experiments to Software Testing},
  booktitle =	 icse,
  issn =	 {0270-5257},
  year =	 1997,
  doi =
                  {http://doi.ieeecomputersociety.org/10.1109/ICSE.1997.610252},
  publisher =	 pub-compsci
}

@InProceedings{EVT07,
  title =	 {Verification-Centric Realization of Electronic Vote
                  Counting},
  author =	 {Kiniry, J.R. and Cochran, D. and Tierney, P.E.},
  booktitle =	 {Proceedings of the USENIX/Accurate Electronic Voting
                  Technology on USENIX/Accurate Electronic Voting
                  Technology Workshop},
  year =	 2007,
  organization = {USENIX Association Berkeley, CA, USA}
}

@Misc{ElectoralAct92,
  key =		 {ElectoralAct92},
  author =	 {Houses of the {Oireachtas}},
  title =	 {Electoral Act},
  year =	 1992
}

@InProceedings{Hong2003,
  key=hong2003,
  author =	 {Hyoung Seok Hong and Sung Deok Cha and Insup Lee and
                  Oleg Sokolsky and Hasan Ural},
  title =	 {Data Flow Testing as Model Checking},
  booktitle =	 "Proceedings of {ICSE'03}",
  issn =	 {0270-5257},
  year =	 2003,
  doi =
                  {http://doi.ieeecomputersociety.org/10.1109/ICSE.2003.1201203},
  publisher =	 pub-compsci
}

@conference{michel2005electronic,
  key=michel2005electronic,
  title={{Electronic voting for all: the experience of the Brazilian computerized voting system}},
  author={Michel, G. and Cybis, WA and Pimenta, M. and EPM, J.M.R.},
  booktitle={UPA Conference 2005},
  year={2005},
  organization={Citeseer}
}

@book{JonesVDM86,
  key =		 JonesVDM86,
  Author =	 {Cliff B. Jones},
  Publisher =	 pub-ph,
  Title =	 {Systematic Software Development Using {VDM}},
  Year =	 1986
}

@conference{paige1999comparison,
  title={{A comparison of BON and UML}},
  author={Paige, R. and Ostroff, J.},
  booktitle={Proc. UMLÕ99},
  year={1999}
}

@Unpublished{KOAspec,
  author =	 {{LogicaCMG}},
  title =	 {{Kiezen op Afstand: Hertellen Stemmen}},
  note =	 {Functional specifications},
  year =	 2004
}

@TechReport{Kiniry01,
  author =	 { Joseph R. Kiniry },
  title =	 { The KindSoftware Coding Standard },
  institution =	 { KindSoftware, LLC },
  year =	 { 2001 },
  note =	 { Available at http://www.kindsoftware.com/.
                  Directly evolved from Kiniry97. }
}

@Unpublished{Kiniry02-SP,
  author =	 { Joseph R. Kiniry },
  title =	 { Semantic Properties for Lightweight Specification
                  in Knowledgeable Development Environments },
  year =	 { 2002 },
  url =		 { arxiv.org },
  note =	 { Submitted to the 10th International Symposium on
                  the Foundations of Software Engineering (FSE-10). }
}

@conference{adida2008helios,
  title={{Helios: Web-based open-audit voting}},
  author={Adida, B.},
  booktitle={Proceedings of the 17th USENIX Security Symposium (SecurityÕ08), San Jose, CA},
  year={2008}
}

@InProceedings{KiniryEtAl06,
  author =	 { Joseph Kiniry and Alan Morkan and Dermot Cochran
                  and Fintan Fairmichael and Patrice Chalin and
                  Martijn Oostdijk and Engelbert Hubbers },
  title =	 " The {KOA} Remote Voting System: A Summary of Work
                  To Date ",
  booktitle =	 { Proceedings of Trustworthy Global Computing },
  year =	 2006
}

@TechReport{KiniryZimmerman97,
  editor =	 { Joseph R. Kiniry and Daniel M. Zimmerman },
  title =	 { The Infospheres Java Coding Standard },
  institution =	 { Department of Computer Science, California
                  Institute of Technology },
  year =	 { 1997 },
  note =	 { Available at http://www.infospheres.caltech.edu/ }
}

@BOOK{Lamport:LaTeX,
  AUTHOR =	 "Leslie Lamport",
  TITLE =	 "LaTeX User's Guide and Document Reference Manual",
  PUBLISHER =	 "Addison-Wesley Publishing Company",
  ADDRESS =	 "Reading, Massachusetts",
  YEAR =	 1986
}

@InProceedings{LeinoMonahan09,
  author =	 {K. Rustan M. Leino and Rosemary Monahan},
  title =	 "Reasoning about Comprehensions with First-Order
                  {SMT} Solvers",
  booktitle =	 "Proceedings of the 24th Annual {ACM} {Symposium on
                  Applied Computing} ({SAC'09})",
  year =	 2009
}

@Misc{MOBIUS,
  key =		 {MOBIUS},
  title =	 "The {MOBIUS} Project",
  annote =	 {\url{http://mobius.inria.fr/}}
}

@InProceedings{MajumdarSen2007,
  author =	 {Rupak Majumdar and Koushik Sen},
  title =	 {Hybrid Concolic Testing},
  booktitle =	 icse,
  issn =	 {0270-5257},
  year =	 2007,
  doi =
                  {http://doi.ieeecomputersociety.org/10.1109/ICSE.2007.41},
  publisher =	 pub-compsci
}

@misc{Maude,
  Author =	 {Manuel Clavel and Francisco Dur{\'{a}}n and Steven
                  Eker and Patrick Lincoln and Narciso
                  Mart{\'{i}}-Oliet and Jos{\'{e}} Meseguer and
                  Jos{\'{e}} Quesada},
  Howpublished = {Available at the Maude web site
                  \url{http://maude.csl.sri.com/}},
  Month =	 mar,
  Title =	 "A {Maude} Tutorial",
  Year =	 2000
}

@InProceedings{McGaley06EtAl,
  author =	 "Margaret McGaley and J. Paul Gibson",
  title =	 "A Critical Analysis of the Council of Europe
                  Recommendations on e-voting",
  year =	 2006
}

@Misc{Meagher01,
  key =		 {Meagher01},
  author =	 {Mairead Meagher},
  title =	 {Towards the Development of an Electronic Count
                  System using Formal Methods},
  note =	 {MPhil thesis, University of Southampton},
  year =	 2001
}

@article{MeseguerWinkler92,
  Author =	 {Jos{\'{e}} Meseguer and Winkler, T.},
  Journal =	 lncs,
  Pages =	 {253-293},
  Title =	 {Parallel Programming in Maude},
  Volume =	 574,
  Year =	 1992
}

@InProceedings{Necula97,
  author =	 {George C. Necula},
  title =	 {Proof-carrying code},
  booktitle =	 {POPL '97: Proceedings of the 24th ACM SIGPLAN-SIGACT
                  symposium on Principles of programming languages},
  year =	 1997,
  isbn =	 {0-89791-853-3},
  pages =	 {106--119},
  location =	 {Paris, France},
  doi =		 {http://doi.acm.org/10.1145/263699.263712},
  publisher =	 {ACM Press},
  address =	 {New York, NY, USA},
}

@inproceedings{Pacheco2007,
  author =	 {Pacheco, Carlos and Lahiri, Shuvendu K. and Ernst,
                  Michael D. and Ball, Thomas},
  title =	 {Feedback-Directed Random Test Generation},
  booktitle =	 {ICSE '07: Proceedings of the 29th international
                  conference on Software Engineering},
  year =	 2007,
  isbn =	 {0-7695-2828-7},
  pages =	 {75--84},
  doi =		 {http://dx.doi.org/10.1109/ICSE.2007.37},
  publisher =	 pub-compsci,
  address =	 {Washington, DC, USA},
}

@Misc{SERVE,
  key =		 {SERVE},
  author =	 { David Jefferson and Aviel D. Rubin and Barbara
                  Simons and David Wagner },
  title =	 "A Security Analysis of the Secure Electronic
                  Registration and Voting Experiment ({SERVE})",
  howpublished = {Available via
                  \url{http://www.servesecurityreport.org/}},
  month =	 jan,
  year =	 2004
}

@Unpublished{SIG,
  author =	 {{Software Improvement Group}},
  note =	 "\url{www.sig.nl}"
}

@Misc{SMT-LIB,
  key =		 {SMT-LIB},
  title =	 "{SMT-LIB}: The Satisfiability Modulo Theories
                  Library",
  note =	 {\url{http://combination.cs.uiowa.edu/smtlib/}}
}

@Inproceedings{TeagueEtAl08,
  author =	 {Teague, Vanessa and Ramchen, Kim and Naish, Lee},
  title =	 "Coercion-Resistant tallying for {STV} voting",
  booktitle =	 {Proceedings of the USENIX/Accurate Electronic Voting
                  Technology Workshop},
  year =	 2008
}

@Misc{Tierney06,
  author =	 {Patrick Tierney},
  title =	 {Implementing the Irish Voting System},
  note =	 {Final Year Undergraduate Project Thesis},
  month =	 may,
  year =	 2007
}

@Misc{Unger07,
  key =		 {Unger07},
  author =	 {Unger, Stephen H.},
  title =	 {Instant Runoff Voting: Looks Good--But Look Again},
  month =	 mar,
  year =	 2007,
  annote =	 {available via
                  \url{http://www1.cs.columbia.edu/~unger/articles/irv.html}}
}

@inproceedings{Votail10,
  key =		 {Votail2010},
  title =	 "{V{\'o}t{\'a}il: PR-STV} Ballot Counting Software
                  for Irish Elections",
  author =	 {Cochran, D. and Kiniry, J.R.},
  booktitle =	 "Proceedings of {FoVeOSS'10}",
  year =	 2010
}

@Book{WaldenNerson95,
  author =	 { Kim Wald\'en and Jean-Marc Nerson },
  title =	 { Seamless Object-Oriented Software Architecture -
                  Analysis and Design of Reliable Systems },
  publisher =	 pub-ph,
  address =	 pub-ph:adr,
  series =	 { The Object-Oriented Series },
  year =	 1995
}

@InProceedings{adida2008helios,
  title =	 {Helios: Web-based Open-audit Voting},
  author =	 {Adida, B.},
  booktitle =	 {Proceedings of the 17th USENIX Security Symposium
                  (Security'08)},
  year =	 2008
}

@article{aslaksen2006mathematical,
  title =	 {{Mathematical Aspects of Irish Elections}},
  author =	 {Aslaksen, H. and McGuire, G. and Kildare, C.},
  journal =	 {Irish Mathematics Teachers Association Newsletter},
  volume =	 105,
  pages =	 {40--59},
  year =	 2006,
  publisher =	 {Citeseer}
}

@article{bannister2007risk,
  title =	 {{A risk assessment framework for electronic voting}},
  author =	 {Bannister, F. and Connolly, R.},
  journal =	 {International Journal of Technology, Policy and
                  Management},
  volume =	 7,
  number =	 2,
  pages =	 {190--208},
  year =	 2007,
  publisher =	 {Inderscience}
}

@article{bennie2006transition,
  title =	 "Transition to {STV}: {Scottish} local government
                  elections 2007",
  author =	 {Bennie, L.},
  journal =	 {Representation},
  volume =	 42,
  number =	 4,
  pages =	 {273--287},
  year =	 2006,
  publisher =	 {Routledge}
}

@article{berry2002formal,
  title =	 {Formal Methods: The Very Idea: Some Thoughts about
                  Why They Work and When They Work},
  author =	 {Berry, D.M.},
  journal =	 scp,
  volume =	 42,
  number =	 1,
  pages =	 {11--27},
  year =	 2002,
  publisher =	 pub-esp
}

@book{bowler2000elections,
  title =	 "Elections in {Australia, Ireland, and Malta} under
                  the Single Transferable Vote: Reflections on an
                  embedded institution",
  author =	 {Bowler, S. and Grofman, B.},
  year =	 2000,
  publisher =	 {University of Michigan Press}
}

@ARTICLE{bowman:reasoning,
  AUTHOR =	 "Mic Bowman and Saumya K. Debray and Larry
                  L. Peterson",
  TITLE =	 "Reasoning About Naming Systems",
  JOURNAL =	 toplas,
  VOLUME =	 15,
  NUMBER =	 5,
  PAGES =	 {795-825},
  MONTH =	 nov,
  YEAR =	 1993
}

@ARTICLE{braams:babel,
  AUTHOR =	 "Johannes Braams",
  TITLE =	 "Babel, a Multilingual Style-Option System for Use
                  with LaTeX's Standard Document Styles",
  JOURNAL =	 {TUGboat},
  VOLUME =	 12,
  NUMBER =	 2,
  PAGES =	 {291-301},
  MONTH =	 jun,
  YEAR =	 1991
}

@article{brams2005going,
  title =	 {{Going from theory to practice: the mixed success of
                  Approval Voting}},
  author =	 {Brams, S.J. and Fishburn, P.C.},
  journal =	 {Social Choice and Welfare},
  volume =	 25,
  number =	 2,
  pages =	 {457--474},
  year =	 2005,
  publisher =	 {Springer}
}

@article{brooks1987no,
  title =	 {No Silver Bullet: Essence and Accidents of Software
                  Engineering},
  author =	 {Brooks, F.P.},
  journal =	 ieee-comp,
  volume =	 20,
  number =	 4,
  pages =	 {10--19},
  year =	 1987
}

@INPROCEEDINGS{clark:pct,
  AUTHOR =	 "Malcolm Clark",
  TITLE =	 "Post Congress Tristesse",
  BOOKTITLE =	 "TeX90 Conference Proceedings",
  PAGES =	 "84-89",
  ORGANIZATION = "TeX Users Group",
  MONTH =	 mar,
  YEAR =	 1991
}

@article{clarkson2007civitas,
  key =		 {clarkson2007civitas},
  title =	 {{Civitas: A secure voting system}},
  author =	 {Clarkson, M.R. and Chong, S. and Myers, A.C.},
  year =	 2007,
  publisher =	 {Cornell University}
}

@article{costa2003brazilian,
  title =	 {{Brazilian elections: voting for a scaling
                  democracy}},
  author =	 {Costa Filho, RN and Almeida, MP and Moreira, JE and
                  Andrade, JS},
  journal =	 {Physica A: Statistical Mechanics and its
                  Applications},
  volume =	 322,
  pages =	 {698--700},
  year =	 2003,
  publisher =	 {Elsevier}
}

@InProceedings{fahndrich03declaring,
  author =	 "M. F{\"a}hndrich and {K.~Rustan M.~Leino}",
  title =	 "Declaring and checking non-null types in an
                  object-oriented language",
  text =	 "Manuel F{\"a}hndrich and K. Rustan
                  M. Leino. Declaring and checking non-null types in
                  an object-oriented language. In OOPSLA'03, 2003.",
  year =	 2003,
  url =		 "citeseer.ist.psu.edu/fahndrich03declaring.html"
}

@book{farrell2006australian,
  title =	 {{The Australian electoral system: origins,
                  variations, and consequences}},
  author =	 {Farrell, D.M. and McAllister, I.},
  year =	 2006,
  publisher =	 {New South Wales University Press, Ltd.}
}

@article{gallagher2009electoral,
  title =	 {{Electoral distortion under STV random sampling
                  procedures}},
  author =	 {Gallagher, M. and Unwin, AR},
  journal =	 {British Journal of Political Science},
  volume =	 16,
  number =	 02,
  pages =	 {243--253},
  year =	 2009,
  publisher =	 {Cambridge Univ Press}
}

@article{gilmour2007detailed,
  title =	 "Detailed description of the {STV} count in
                  accordance with the rules in the {Scottish} Local
                  Government Elections Order 2007",
  author =	 {Gilmour, J.},
  journal =	 {Representation},
  volume =	 43,
  number =	 3,
  pages =	 {217--229},
  year =	 2007,
  publisher =	 {Routledge}
}

@article{giorgini2003requirement,
  title =	 {Requirement Engineering Meets Security: A Case Study
                  on Modelling Secure Electronic Transactions by VISA
                  And Mastercard},
  author =	 {Giorgini, P. and Massacci, F. and Mylopoulos, J.},
  journal =	 lncs,
  pages =	 {263--276},
  year =	 2003,
  publisher =	 pub-sv
}

@ARTICLE{herlihy:methodology,
  AUTHOR =	 "Maurice Herlihy",
  TITLE =	 "A Methodology for Implementing Highly Concurrent
                  Data Objects",
  JOURNAL =	 toplas,
  VOLUME =	 15,
  NUMBER =	 5,
  PAGES =	 {745-770},
  MONTH =	 nov,
  YEAR =	 1993
}

@article{jackson2002alloy,
  title =	 "{Alloy}: A Lightweight Object Modelling Notation",
  author =	 {Jackson, D.},
  journal =	 acm-toseam,
  volume =	 11,
  number =	 2,
  pages =	 290,
  year =	 2002,
  publisher =	 pub-acm
}

@article{khurshid2004testera,
  title =	 "{TestEra}: Specification-based Testing of {Java}
                  programs using {SAT}",
  author =	 {Khurshid, S. and Marinov, D.},
  journal =	 "Proceedings of {ASE'04}",
  volume =	 11,
  number =	 4,
  pages =	 {403--434},
  year =	 2004,
  publisher =	 pub-sv
}

@article{mcgaley2003electronic,
  title =	 {{Electronic voting: A safety critical system}},
  author =	 {McGaley, M. and Gibson, J.P.},
  journal =	 {Final Year Project Report, NUI Maynooth Department
                  of Computer Science},
  year =	 2003,
  publisher =	 {Citeseer}
}

@InProceedings{mcgaley2004transparency,
  title =	 {Transparency and E-voting: Democratic vs.~Commercial
                  Interests},
  author =	 {McGaley, M. and McCarthy, J. and Maynooth, NUI and
                  Limited, A.},
  booktitle =	 {Proceedings of the International Workshop on
                  Electronic Voting in Europe},
  pages =	 {153--163},
  year =	 2004
}

@InProceedings{michel2005electronic,
  title =	 {Electronic Voting For All: The Experience of the
                  Brazilian Computerized Voting System}
}

@article{neill-formal,
  title =	 {{Formal Aspects of e-voting}},
  author =	 {Neill, J.}
}

@InProceedings{paige1999comparison,
  title =	 "A Comparison of {BON} and {UML}",
  author =	 {Paige, R. and Ostroff, J.},
  booktitle =	 {Proceedings of UML'99},
  year =	 1999
}

@article{paige2002bon,
  title =	 {{BON-CASE: an extensible CASE tool for formal
                  specification and reasoning}},
  author =	 {Paige, RF and Kaminskaya, L. and Ostroff, JS and
                  Lancaric, J.},
  journal =	 {Journal of Object Technology},
  volume =	 1,
  number =	 3,
  pages =	 {65--87},
  year =	 2002,
  publisher =	 {Citeseer}
}

@article{rezende2004electronic,
  title =	 {{Electronic Voting Systems--Is Brazil Ahead of its
                  Time}},
  author =	 {Rezende, P.A.D.},
  journal =	 {RSA CryptoBytes},
  volume =	 7,
  number =	 2,
  year =	 2004,
  publisher =	 {Citeseer}
}

@article{rivest2008notion,
  title =	 {{On the notion of {Software Independence} in voting
                  systems}},
  author =	 {Rivest, R.L. and Wack, J.P.},
  journal =	 {Philosophical Transactions of the Royal Society A:
                  Mathematical, Physical and Engineering Sciences},
  volume =	 366,
  number =	 1881,
  pages =	 3759,
  year =	 2008,
  publisher =	 {Citeseer}
}

@BOOK{salas:calculus,
  AUTHOR =	 "S.L. Salas and Einar Hille",
  TITLE =	 "Calculus: One and Several Variable",
  PUBLISHER =	 "John Wiley and Sons",
  ADDRESS =	 "New York",
  YEAR =	 1978
}

@article{saltman1988accuracy,
  title =	 {{Accuracy, integrity and security in computerized
                  vote-tallying}},
  author =	 {Saltman, RG},
  journal =	 {Communications of the ACM},
  volume =	 31,
  number =	 10,
  pages =	 {1184--1191},
  year =	 1988,
  publisher =	 {ACM}
}

@article{sharman2002trading,
  title =	 {{Trading party preferences: the Australian
                  experience of preferential voting}},
  author =	 {Sharman, C. and Sayers, AM and Miragliotta, N.},
  journal =	 {Electoral Studies},
  volume =	 21,
  number =	 4,
  pages =	 {543--560},
  year =	 2002,
  publisher =	 {Elsevier}
}

@book{sinnott1995irish,
  title =	 {{Irish voters decide: Voting behaviour in elections
                  and referendums since 1918}},
  author =	 {Sinnott, R.},
  year =	 1995,
  publisher =	 {Manchester Univ Pr}
}

@misc{smith56range,
  title =	 {{Range voting}},
  author =	 {Smith, W.D.},
  journal =	 {Available electronically on
                  {http://math.temple.edu/~ wds/homepage/works}},
  volume =	 56
}

@article{stephan1996combinational,
  title =	 {Combinational Test Generation Using Satisfiability},
  author =	 {Stephan, P. and Brayton, R.K. and
                  Sangiovanni-Vincentelli, A.L.},
  journal =	 ieee-cad,
  volume =	 15,
  number =	 9,
  pages =	 {1167--1176},
  year =	 1996
}

@article{williams2004implementing,
  title =	 {{Implementing voting systems: the Georgia method}},
  author =	 {Williams, B.J. and King, M.S.},
  journal =	 {Communications of the ACM},
  volume =	 47,
  number =	 10,
  pages =	 42,
  year =	 2004,
  publisher =	 {ACM}
}
@INPROCEEDINGS{5411982, 
author={Weldemariam, K. and Kemmerer, R.A. and Villafiorita, A.}, 
booktitle={Risks and Security of Internet and Systems (CRiSIS), 2009 Fourth International Conference on}, title={Formal analysis of attacks for e-voting system}, 
year={2009}, 
month={oct.}, 
volume={}, 
number={}, 
pages={26 -34}, 
abstract={Recently, the use of formal methods to specify and verify properties of electronic voting (e-voting) systems, with particular interest in security, verifiability, and anonymity, is getting much attention. Formal specification and verification of such systems can greatly help to better understand the system requirements by thoroughly specifying and analyzing the underlying assumptions and security specific properties. Unfortunately, even though these systems have been formally verified to satisfy the desired system security requirements, they are still vulnerable to attack. In this paper we extend a formal specification of the ES amp;S voting system by specifying attacks that have been shown to successfully compromise the system. We believe that performing such analysis is important for two reasons: first, it allows us to discover some missing critical requirements for the specification and/or assumptions that were not met Second, it allows us to derive mitigation or counter-measure strategies when the system behaves differently than it should. We used the ASTRAL language for the specification, and the verification is performed using the PVS tool.}, 
keywords={ASTRAL language;PVS tool;anonymity;electronic voting systems;formal methods;formal specification;formal verification;security;verifiability;formal specification;formal verification;politics;security of data;}, 
doi={10.1109/CRISIS.2009.5411982}, 
ISSN={2151-4763},}
@INPROCEEDINGS{1232067, 
author={Lambrinoudakis, C. and Kokolakis, S. and Karyda, M. and Tsoumas, V. and Gritzalis, D. and Katsikas, S.}, 
booktitle={Database and Expert Systems Applications, 2003. Proceedings. 14th International Workshop on}, title={Electronic voting systems: security implications of the administrative workflow}, 
year={2003}, 
month={sept.}, 
volume={}, 
number={}, 
pages={ 467 - 471}, 
abstract={ With the rapid growth of the Internet, online voting appears to be a reasonable alternative to conventional elections and other opinion expressing processes. Current research focuses on designing and building "voting protocols" that can support the voting process, while implementing the security mechanisms required for preventing fraud and protecting voter's privacy. However, not much attention has been paid to the administrative part of an electronic voting system that supports the actors of the system. Possible "security gaps" in the administrative workflow may result in deteriorating the overall security level of the system, even if the voting protocol implemented by the system succeeds to fully comply with the security requirements set for voting. To this direction, this paper describes the responsibilities and privileges of the actors involved in the electronic voting process. The description of the role of each actor, together with the clear indication of what each actor is expected - and thus allowed - to do with the system, formulate an operational framework that complements the technological security features of the system and allows us to talk about "secure electronic voting systems".},
keywords={ Internet; actor role description; administrative workflow; online voting; secure electronic voting systems; voter privacy; voting protocols; Internet; authorisation; data privacy; electronic data interchange; government data processing; public administration;}, 
doi={10.1109/DEXA.2003.1232067}, 
ISSN={1529-4188},}

@phdthesis{Gentry, author = {Craig Gentry}, title = {A fully homomorphic encryption scheme}, school = {Stanford University}, year = 2009, note = {\url{crypto.stanford.edu/craig}} }

@book{fredman1968australian,
  title={The Australian ballot: The story of an American reform},
  author={Fredman, L.E.},
  year={1968},
  publisher={Michigan State University Press East Lansing, MI}
}

@techreport{hogan2003electronic,
  title={Electronic Voting in Ireland, A Threat to Democracy},
  author={Hogan, S. and Cochran, R.},
  journal={Report prepared for the Irosh Labour Parliamentary Party},
  year={2003}
}

@inproceedings{karlof2005cryptographic,
  title={Cryptographic voting protocols: A systems perspective},
  author={Karlof, C. and Sastry, N. and Wagner, D.},
  booktitle={Proceedings of the 14th conference on USENIX Security Symposium-Volume 14},
  pages={3--3},
  year={2005},
  organization={USENIX Association}
}

@inproceedings{cetinkaya2008analysis,
  title={Analysis of security requirements for cryptographic voting protocols},
  author={Cetinkaya, O.},
  booktitle={Availability, Reliability and Security, 2008. ARES 08. Third International Conference on},
  pages={1451--1456},
  year={2008},
  organization={IEEE}
}

@article{castro2007stop,
  title={Stop the Presses: How Paper Trails Fail to Secure e-Voting},
  author={Castro, D.},
  journal={Information Technology and Innovation Foundation, Washington, DC, September},
  year={2007}
}

@article{appel2006defeat,
  title={How to defeat Rivests threeballot voting system},
  author={Appel, A.W.},
  journal={Manuskrypt, pazdziernik},
  year={2006},
  publisher={Citeseer}
}

@article{heckelman1998bribing,
  title={Bribing voters without verification},
  author={Heckelman, J.C.},
  journal={The Social Science Journal},
  volume={35},
  number={3},
  pages={435--443},
  year={1998},
  publisher={Elsevier}
}

@inproceedings{sandler2008votebox,
  title={VoteBox: a tamper-evident, verifiable electronic voting system},
  author={Sandler, D. and Derr, K. and Wallach, D.S.},
  booktitle={Proceedings of the 17th conference on Security symposium},
  pages={349--364},
  year={2008},
  organization={USENIX Association}
}

@inproceedings{LeuschelButler:FME03,
   author =    {Michael Leuschel and Michael Butler},
   title =     {Pro{B}: A Model Checker for {B}},
   booktitle = {FME 2003: Formal Methods},
   editor =    {Araki, Keijiro and Gnesi, Stefania and Mandrioli, Dino},
   publisher = {Springer-Verlag},
   series =    {LNCS 2805},
   year =      2003,
   pages =     {855-874},
   isbn =      {3-540-40828-2},
}

@inproceedings{Hisamitsu:2007:SAE:1787456.1787468,
 author = {Hisamitsu, Hiroki and Takeda, Keiji},
 title = {The security analysis of e-voting in Japan},
 booktitle = {Proceedings of the 1st international conference on E-voting and identity},
 series = {VOTE-ID'07},
 year = {2007},
 isbn = {3-540-77492-0, 978-3-540-77492-1},
 location = {Bochum, Germany},
 pages = {99--110},
 numpages = {12},
 url = {http://dl.acm.org/citation.cfm?id=1787456.1787468},
 acmid = {1787468},
 publisher = {Springer-Verlag},
 address = {Berlin, Heidelberg},
 keywords = {e-voting, e-voting operation, e-voting system},
} 

@article{Kitcat01042008,
author = {Kitcat, Jason and Brown, Ian}, 
title = {Observing the English and Scottish 2007 e-elections}, 
volume = {61}, 
number = {2}, 
pages = {380-395}, 
year = {2008}, 
doi = {10.1093/pa/gsn003}, 
abstract ={Elections held during May 2007 in England and Scotland for the first time allowed accredited observers access to polling stations and counts. This provided an opportunity for detailed scrutiny of the use of e-voting and e-counting equipment in these elections. This article assesses the use of these technologies using observations from 10 constituencies and data obtained using Freedom of Information Act requests, interviews with officials, candidates and parties and reports on previous trials. It finds that inadequate time was available during the procurement process for cross-party consensus to be built around the English e-voting trials or for systems to be fully tested. Design errors meant that a very large number of Scottish ballots were spoiled, while problems with ballot papers required a large number of votes to be counted manually. Votes initially missed due to an over-wide Excel spreadsheet changed the result in the Highlands and Islands and handed control of the Scottish Parliament from the Labour party to the Scottish National Party.}, 
URL = {http://pa.oxfordjournals.org/content/61/2/380.abstract}, 
eprint = {http://pa.oxfordjournals.org/content/61/2/380.full.pdf+html}, 
journal = {Parliamentary Affairs} 
}

@article{pujolverification,
  title={Verification Systems for Electronic Voting: A Survey},
  author={Pujol-Ahull{\'o}, J. and Jard{\'\i}-Ced{\'o}, R. and Castell{\`a}-Roca, J.},
  journal={Gesellschaft f{\"u}r Informatik (GI) publishes this series in order to make available to a broad public recent findings in informatics (ie computer science and informa-tion systems), to document conferences that are organized in co-operation with GI and to publish the annual GI Award dissertation.},
  pages={163}
}

@inproceedings{shamos2004paper,
  title={Paper v. electronic voting records-an assessment},
  author={Shamos, M.I.},
  booktitle={Proceedings of the 14th ACM Conference on Computers, Freedom and Privacy},
  year={2004}
}

@article{lauer2004risk,
  title={The risk of e-voting},
  author={Lauer, T.W.},
  journal={Electronic Journal of E-government},
  volume={2},
  number={3},
  pages={177--186},
  year={2004}
}

@article{Schryen:2009:SLI:1720420.1720433,
 author = {Schryen, Guido and Rich, Eliot},
 title = {Security in large-scale internet elections: a retrospective analysis of elections in Estonia, the Netherlands, and Switzerland},
 journal = {Trans. Info. For. Sec.},
 issue_date = {December 2009},
 volume = {4},
 number = {4},
 month = dec,
 year = {2009},
 issn = {1556-6013},
 pages = {729--744},
 numpages = {16},
 url = {http://dx.doi.org/10.1109/TIFS.2009.2033230},
 doi = {10.1109/TIFS.2009.2033230},
 acmid = {1720433},
 publisher = {IEEE Press},
 address = {Piscataway, NJ, USA},
 keywords = {Estonia, Neuch\^{a}tel, Rijnland internet election system (RIES), e-voting, internet election, internet voting, security, verifiability},
} 

@article{jefferson2004analyzing,
  title={Analyzing internet voting security},
  author={Jefferson, D. and Rubin, A.D. and Simons, B. and Wagner, D.},
  journal={Communications of the ACM},
  volume={47},
  number={10},
  pages={59--64},
  year={2004},
  publisher={ACM}
}

@article{castro2002secure,
  title={Secure routing for structured peer-to-peer overlay networks},
  author={Castro, M. and Druschel, P. and Ganesh, A. and Rowstron, A. and Wallach, D.S.},
  journal={ACM SIGOPS Operating Systems Review},
  volume={36},
  number={SI},
  pages={299--314},
  year={2002},
  publisher={ACM}
}

@article{ladd2005robotics,
  title={Robotics-based location sensing using wireless ethernet},
  author={Ladd, A.M. and Bekris, K.E. and Rudys, A. and Kavraki, L.E. and Wallach, D.S.},
  journal={Wireless Networks},
  volume={11},
  number={1-2},
  pages={189--204},
  year={2005},
  publisher={Kluwer Academic Publishers}
}

@inproceedings{dean1996java,
  title={Java security: From HotJava to Netscape and beyond},
  author={Dean, D. and Felten, E.W. and Wallach, D.S.},
  booktitle={Security and Privacy, 1996. Proceedings., 1996 IEEE Symposium on},
  pages={190--200},
  year={1996},
  organization={IEEE}
}

@article{wallach1997extensible,
  title={Extensible security architectures for Java},
  author={Wallach, D.S. and Balfanz, D. and Dean, D. and Felten, E.W.},
  journal={ACM SIGOPS Operating Systems Review},
  volume={31},
  number={5},
  pages={116--128},
  year={1997},
  publisher={ACM}
}

@inproceedings{kohno2004analysis,
  title={Analysis of an electronic voting system},
  author={Kohno, T. and Stubblefield, A. and Rubin, A.D. and Wallach, D.S.},
  booktitle={Security and Privacy, 2004. Proceedings. 2004 IEEE Symposium on},
  pages={27--40},
  year={2004},
  organization={Ieee}
}

@inproceedings{haeberlen2004practical,
  title={Practical robust localization over large-scale 802.11 wireless networks},
  author={Haeberlen, A. and Flannery, E. and Ladd, A.M. and Rudys, A. and Wallach, D.S. and Kavraki, L.E.},
  booktitle={Proceedings of the 10th annual international conference on Mobile computing and networking},
  pages={70--84},
  year={2004},
  organization={ACM}
}

@inproceedings{wallach2002survey,
  title={A survey of peer-to-peer security issues},
  author={Wallach, D.S.},
  booktitle={Proceedings of the 2002 Mext-NSF-JSPS international conference on Software security: theories and systems},
  pages={42--57},
  year={2002},
  organization={Springer-Verlag}
}

@article{felten1997web,
  title={Web spoofing: An internet con game},
  author={Felten, E.W. and Balfanz, D. and Dean, D. and Wallach, D.S.},
  journal={Software World},
  volume={28},
  number={2},
  pages={6--8},
  year={1997}
}

@inproceedings{wallach1998understanding,
  title={Understanding Java stack inspection},
  author={Wallach, D.S. and Felten, E.W.},
  booktitle={Security and Privacy, 1998. Proceedings. 1998 IEEE Symposium on},
  pages={52--63},
  year={1998},
  organization={IEEE}
}

@article{ngan2003enforcing,
  title={Enforcing fair sharing of peer-to-peer resources},
  author={Ngan, T.W.J. and Wallach, D. and Druschel, P.},
  journal={Peer-to-Peer Systems II},
  pages={149--159},
  year={2003},
  publisher={Springer}
}

@inproceedings{crosby2003denial,
  title={Denial of service via algorithmic complexity attacks},
  author={Crosby, S.A. and Wallach, D.S.},
  booktitle={Proceedings of the 12th conference on USENIX Security Symposium-Volume 12},
  pages={3--3},
  year={2003},
  organization={USENIX Association}
}

@inproceedings{de2001puppeteer,
  title={Puppeteer: Component-based adaptation for mobile computing},
  author={De Lara, E. and Wallach, D.S. and Zwaenepoel, W.},
  booktitle={Proceedings of the 3rd conference on USENIX Symposium on Internet Technologies and Systems-Volume 3},
  pages={14--14},
  year={2001},
  organization={USENIX Association}
}

@article{ladd2004feasibility,
  title={On the feasibility of using wireless ethernet for indoor localization},
  author={Ladd, A.M. and Bekris, K.E. and Rudys, A.P. and Wallach, D.S. and Kavraki, L.E.},
  journal={Robotics and Automation, IEEE Transactions on},
  volume={20},
  number={3},
  pages={555--559},
  year={2004},
  publisher={IEEE}
}

@article{wallach2000safkasi,
  title={SAFKASI: a security mechanism for language-based systems},
  author={Wallach, D.S. and Appel, A.W. and Felten, E.W.},
  journal={ACM Transactions on Software Engineering and Methodology (TOSEM)},
  volume={9},
  number={4},
  pages={341--378},
  year={2000},
  publisher={ACM}
}

@article{coarfa2006performance,
  title={Performance analysis of TLS Web servers},
  author={Coarfa, C. and Druschel, P. and Wallach, D.S.},
  journal={ACM Transactions on Computer Systems (TOCS)},
  volume={24},
  number={1},
  pages={39--69},
  year={2006},
  publisher={ACM}
}

@article{craver2001reading,
  title={Reading between the lines: Lessons from the SDMI challenge},
  author={Craver, S.A. and Wu, M. and Liu, B. and Stubblefield, A. and Swartzlander, B. and Wallach, D.S. and Dean, D. and Felten, E.W.},
  journal={Proceedings of the 10th USENIX Security Symposium},
  pages={13--17},
  year={2001}
}

@inproceedings{tao2003wireless,
  title={Wireless LAN location-sensing for security applications},
  author={Tao, P. and Rudys, A. and Ladd, A.M. and Wallach, D.S.},
  booktitle={Proceedings of the 2nd ACM workshop on Wireless security},
  pages={11--20},
  year={2003},
  organization={ACM}
}

@article{ngan2004incentives,
  title={Incentives-compatible peer-to-peer multicast},
  author={Ngan, T.W.J. and Wallach, D.S. and Druschel, P.},
  year={2004},
  publisher={Citeseer}
}

@article{wallach1999anew,
  title={ANew APPROACH TO MOBILE CODE SECURITY},
  author={Wallach, D.S.},
  year={1999},
  publisher={Citeseer}
}

@article{rudys2002termination,
  title={Termination in language-based systems},
  author={Rudys, A. and Wallach, D.S.},
  journal={ACM Transactions on Information and System Security (TISSEC)},
  volume={5},
  number={2},
  pages={138--168},
  year={2002},
  publisher={ACM}
}

@article{dean1997java,
  title={Java security: Web browsers and beyond},
  author={Dean, D. and Felten, E.W. and Wallach, D.S. and Balfanz, D. and Denning, PJ},
  journal={Internet Besieged: Countering Cyberspace Scofflaws},
  pages={241--269},
  year={1997}
}

@inproceedings{mislove2004ap3,
  title={AP3: Cooperative, decentralized anonymous communication},
  author={Mislove, A. and Oberoi, G. and Post, A. and Reis, C. and Druschel, P. and Wallach, D.S.},
  booktitle={Proceedings of the 11th workshop on ACM SIGOPS European workshop},
  pages={30},
  year={2004},
  organization={ACM}
}

@article{nielson2005taxonomy,
  title={A taxonomy of rational attacks},
  author={Nielson, S. and Crosby, S. and Wallach, D.},
  journal={Peer-to-Peer Systems IV},
  pages={36--46},
  year={2005},
  publisher={Springer}
}

@article{flinn2001reducing,
  title={Reducing the energy usage of office applications},
  author={Flinn, J. and De Lara, E. and Satyanarayanan, M. and Wallach, D. and Zwaenepoel, W.},
  journal={Middleware 2001},
  pages={252--272},
  year={2001},
  publisher={Springer}
}

@inproceedings{ladd2002using,
  title={Using wireless ethernet for localization},
  author={Ladd, A.M. and Bekris, K.E. and Marceau, G. and Rudys, A. and Wallach, D.S. and Kavraki, L.E.},
  booktitle={Intelligent Robots and Systems, 2002. IEEE/RSJ International Conference on},
  volume={1},
  pages={402--408},
  year={2002},
  organization={IEEE}
}

@article{nandi2005scrivener,
  title={Scrivener: Providing incentives in cooperative content distribution systems},
  author={Nandi, A. and Ngan, T.W. and Singh, A. and Druschel, P. and Wallach, D.},
  journal={Middleware 2005},
  pages={270--291},
  year={2005},
  publisher={Springer}
}

@article{bannet2004hack,
  title={Hack-a-vote: Security issues with electronic voting systems},
  author={Bannet, J. and Price, D.W. and Rudys, A. and Singer, J. and Wallach, D.S.},
  journal={Security \& Privacy, IEEE},
  volume={2},
  number={1},
  pages={32--37},
  year={2004},
  publisher={IEEE}
}

@book{grosul2000related,
  title={a related-key cryptanalysis of rc4},
  author={Grosul, A.L. and Wallach, D.S.},
  year={2000},
  publisher={June}
}

@article{rudys2003enforcing,
  title={Enforcing Java run-time properties using bytecode rewriting},
  author={Rudys, A. and Wallach, D.},
  journal={Software Security‚ÄîTheories and Systems},
  pages={271--276},
  year={2003},
  publisher={Springer}
}

@inproceedings{mislove2003post,
  title={POST: a secure, resilient, cooperative messaging system},
  author={Mislove, A. and Post, A. and Reis, C. and Willmann, P. and Druschel, P. and Wallach, D.S. and Bonnaire, X. and Sens, P. and Arantes-Bezerra, L. and others},
  booktitle={Proceedings of the 9th conference on Hot Topics in Operating Systems-Volume 9},
  pages={11--11},
  year={2003},
  organization={USENIX Association}
}

@inproceedings{wallach1994accelerated,
  title={Accelerated MPEG compression of dynamic polygonal scenes},
  author={Wallach, D.S. and Kunapalli, S. and Cohen, M.F.},
  booktitle={Proceedings of the 21st annual conference on Computer graphics and interactive techniques},
  pages={193--196},
  year={1994},
  organization={ACM}
}

@inproceedings{lara2003collaboration,
  title={Collaboration and multimedia authoring on mobile devices},
  author={Lara, E. and Kumar, R. and Wallach, D.S. and Zwaenepoel, W.},
  booktitle={Proceedings of the 1st international conference on Mobile systems, applications and services},
  pages={287--301},
  year={2003},
  organization={ACM}
}

@article{dean1995security,
  title={Security Flaws in the HotJava Web Browser},
  author={Dean, D. and Wallach, D.S.},
  journal={Department of Computer Science, Princeton University},
  year={1995}
}

@inproceedings{rudys2002transactional,
  title={Transactional rollback for language-based systems},
  author={Rudys, A. and Wallach, D.S.},
  booktitle={Dependable Systems and Networks, 2002. DSN 2002. Proceedings. International Conference on},
  pages={439--448},
  year={2002},
  organization={IEEE}
}

@techreport{crosby2007analysis,
  title={An analysis of bittorrent‚Äôs two kademlia-based dhts},
  author={Crosby, S.A. and Wallach, D.S.},
  year={2007},
  institution={Technical Report TR07-04, Rice University}
}

@article{inguva2007source,
  title={Source code review of the Hart InterCivic voting system},
  author={Inguva, S. and Rescorla, E. and Shacham, H. and Wallach, D.S.},
  journal={University of California, Berkeley under contract to the California Secretary of State},
  year={2007},
  publisher={Citeseer}
}

@inproceedings{sandler2008votebox,
  title={VoteBox: a tamper-evident, verifiable electronic voting system},
  author={Sandler, D. and Derr, K. and Wallach, D.S.},
  booktitle={Proceedings of the 17th conference on Security symposium},
  pages={349--364},
  year={2008},
  organization={USENIX Association}
}

@article{ngan2004designing,
  title={On designing incentives-compatible peer-to-peer systems},
  author={Ngan, T.W.J. and Nandi, A. and Singh, A. and Wallach, D.S. and Druschel, P.},
  year={2004},
  publisher={Citeseer}
}

@article{de2001hats,
  title={HATS: hierarchical adaptive transmission scheduling for multi-application adaptation},
  author={de Lara, E. and Wallach, D.S. and Zwaenepoel, W.},
  journal={Proceedings of SPIE},
  volume={4673},
  pages={100},
  year={2001}
}

@inproceedings{sandler2007casting,
  title={Casting votes in the auditorium},
  author={Sandler, D. and Wallach, D.S.},
  booktitle={Proceedings of the USENIX Workshop on Accurate Electronic Voting Technology},
  pages={4--4},
  year={2007},
  organization={USENIX Association}
}

@article{hu2000run,
  title={Run-time support for distributed sharing in typed languages},
  author={Hu, Y. and Yu, W. and Cox, A. and Wallach, D. and Zwaenepoel, W.},
  journal={Languages, Compilers, and Run-Time Systems for Scalable Computers},
  pages={683--689},
  year={2000},
  publisher={Springer}
}

@article{sandler2009birds,
  title={Birds of a FETHR: Open, decentralized micropublishing},
  author={Sandler, D.R. and Wallach, D.S.},
  journal={Proc. of IPTPS},
  year={2009}
}

@inproceedings{de2000opportunities,
  title={Opportunities for bandwidth adaptation in Microsoft Office documents},
  author={De Lara, E. and Wallach, D.S. and Zwaenepoel, W.},
  booktitle={Proceedings of the 4th conference on USENIX Windows Systems Symposium-Volume 4},
  pages={9--9},
  year={2000},
  organization={USENIX Association}
}

@inproceedings{price2003garbage,
  title={Garbage collector memory accounting in language-based systems},
  author={Price, D.W. and Rudys, A. and Wallach, D.S.},
  booktitle={Security and Privacy, 2003. Proceedings. 2003 Symposium on},
  pages={263--274},
  year={2003},
  organization={IEEE}
}

@inproceedings{everett2008electronic,
  title={Electronic voting machines versus traditional methods: Improved preference, similar performance},
  author={Everett, S.P. and Greene, K.K. and Byrne, M.D. and Wallach, D.S. and Derr, K. and Sandler, D. and Torous, T.},
  booktitle={Proceeding of the twenty-sixth annual SIGCHI conference on Human factors in computing systems},
  pages={883--892},
  year={2008},
  organization={ACM}
}

@article{wallach2001copy,
  title={Copy protection technology is doomed},
  author={Wallach, D.S.},
  journal={Computer},
  volume={34},
  number={10},
  pages={48--49},
  year={2001},
  publisher={IEEE}
}

@article{crosby2009opportunities,
  title={Opportunities and limits of remote timing attacks},
  author={Crosby, S.A. and Wallach, D.S. and Riedi, R.H.},
  journal={ACM Transactions on Information and System Security (TISSEC)},
  volume={12},
  number={3},
  pages={17},
  year={2009},
  publisher={ACM}
}

@inproceedings{grier2009learned,
  title={How I learned to stop worrying and love plugins},
  author={Grier, C. and King, S.T. and Wallach, D.S.},
  booktitle={In Web 2.0 Security and Privacy},
  year={2009},
  organization={Citeseer}
}

@article{hu2003run,
  title={Run-time support for distributed sharing in safe languages},
  author={Hu, Y.C. and Yu, W. and Cox, A. and Wallach, D. and Zwaenepoel, W.},
  journal={ACM Transactions on Computer Systems (TOCS)},
  volume={21},
  number={1},
  pages={1--35},
  year={2003},
  publisher={ACM}
}

@inproceedings{dotsenko2002extensible,
  title={Extensible adaptation via constraint solving},
  author={Dotsenko, Y. and De Lara, E. and Wallach, D.S. and Zwaenepoel, W.},
  booktitle={Mobile Computing Systems and Applications, 2002. Proceedings Fourth IEEE Workshop on},
  pages={117--127},
  year={2002},
  organization={IEEE}
}

@article{de2005iterative,
  title={Iterative adaptation for mobile clients using existing APIs},
  author={De Lara, E. and Chopra, Y. and Kumar, R. and Vaghela, N. and Wallach, D.S. and Zwaenepoel, W.},
  journal={Parallel and Distributed Systems, IEEE Transactions on},
  volume={16},
  number={10},
  pages={966--981},
  year={2005},
  publisher={IEEE}
}

@inproceedings{crosby2009efficient,
  title={Efficient data structures for tamper-evident logging},
  author={Crosby, S.A. and Wallach, D.S.},
  booktitle={Proceedings of the 18th conference on USENIX security symposium},
  pages={317--334},
  year={2009},
  organization={USENIX Association}
}

@article{dill2007stones,
  title={Stones unturned: Gaps in the investigation of Sarasotas disputed congressional election},
  author={Dill, D.L. and Wallach, D.S.},
  journal={Unpublished manuscript available at http://www. cs. rice. edu/\~{} dwallach/pub/sarasota},
  volume={7},
  year={2007}
}

@article{stubblefield2000security,
  title={A Security Analysis of My. MP3. com and the Beam-it Protocol},
  author={Stubblefield, A.B. and Wallach, D.S.},
  journal={Department of Computer Science, Rice University},
  year={2000}
}

@inproceedings{hu1999runtime,
  title={Runtime support for distributed sharing in strongly typed languages},
  author={Hu, Y. and Yu, W. and Cox, A. and Wallach, D. and Zwaenepoel, W.},
  booktitle={In ACM Transactions on Computer Systems (TOCS},
  year={1999}
}

@article{wallach2008voting,
  title={Voting system risk assessment via computational complexity analysis},
  author={Wallach, D.S.},
  journal={Wm. \& Mary Bill Rts. J.},
  volume={17},
  pages={325},
  year={2008},
  publisher={HeinOnline}
}

@inproceedings{sandler2008finding,
  title={Finding the evidence in tamper-evident logs},
  author={Sandler, D. and Derr, K. and Crosby, S. and Wallach, D.S.},
  booktitle={Systematic Approaches to Digital Forensic Engineering, 2008. SADFE'08. Third International Workshop on},
  pages={69--75},
  year={2008},
  organization={IEEE}
}

@article{de2001collaboration,
  title={Collaboration and Document Editing on Bandwidth-Limited Devices},
  author={De Lara, E. and Kumar, R. and Wallach, D.S. and Zwaenepoel, W.},
  journal={Workshop on Application Models and Programming Tools for Ubiquitous Computing (UbiTools' 01). Atlanta, Georgia. September},
  volume={15},
  year={2001},
  publisher={Citeseer}
}

@article{druschel2005scrivener,
  title={Scrivener: Providing incentives in cooperative content distribution systems},
  author={Druschel, P. and Nandi, A. and Ngan, TWJ and Singh, A. and Wallach, D. and others},
  journal={Proc. of 6th International Middleware Conference, Grenoble, France},
  pages={270--291},
  year={2005}
}

@article{nielson2011attacks,
  title={Attacks on local searching tools},
  author={Nielson, S.J. and Fogarty, S.J. and Wallach, D.S.},
  journal={Arxiv preprint arXiv:1108.2704},
  year={2011}
}

@article{de2001component,
  title={Component-based adaptation},
  author={De Lara, E. and Chopra, Y. and Kumar, R. and Vaghela, N. and Wallach, D.S. and Zwaenepoel, W.},
  journal={power},
  volume={2},
  pages={16},
  year={2001}
}

@article{evans2003authentication,
  title={Authentication for Remote Voting},
  author={Evans, N.P.D. and Rubin, A. and Wallach, D.},
  journal={Workshop on Human-Computer Interaction and Security Systems},
  year={2003},
  publisher={Citeseer}
}

@article{shieh2005guest,
  title={Guest Editors' Introduction: Ad Hoc and P2P Security},
  author={Shieh, S.W. and Wallach, D.S.},
  journal={Internet Computing, IEEE},
  volume={9},
  number={6},
  pages={14--15},
  year={2005},
  publisher={IEEE}
}

@article{de2000puppeteer,
  title={Puppeteer: component-based adaptation for mobile computing (poster session)},
  author={de Lara, E. and Wallach, D. and Zwaenepoel, W.},
  journal={ACM SIGOPS Operating Systems Review},
  volume={34},
  number={2},
  pages={40},
  year={2000},
  publisher={ACM}
}

@techreport{de99characterization,
  title={A Characterization of Compound Documents on the Web},
  author={De Lara, E. and Wallach, D.S. and Zwaenepoel, W.},
  institution={Citeseer}
}

@article{stubblefield2005managing,
  title={Managing the Performance Impact of Web Security},
  author={Stubblefield, A. and Rubin, A.D. and Wallach, D.S.},
  journal={Electronic Commerce Research},
  volume={5},
  number={1},
  pages={99--116},
  year={2005},
  publisher={Springer}
}

@article{stubblefield2001dagster,
  title={Dagster: Censorship-Resistant Publishing Without Replication},
  author={Stubblefield, AB and Wallach, D.S.},
  journal={Rice University, Dept. of Computer Science, Tech. Rep. TR01-380},
  year={2001}
}

@inproceedings{de2001architectures,
  title={Architectures for adaptation systems},
  author={De Lara, E. and Wallach, D.S. and Zwaenepoel, W.},
  booktitle={Hot Topics in Operating Systems, 2001. Proceedings of the Eighth Workshop on},
  pages={167},
  year={2001},
  organization={IEEE}
}

@article{dietz2011quire,
  title={Quire: lightweight provenance for smart phone operating systems},
  author={Dietz, M. and Shekhar, S. and Pisetsky, Y. and Shu, A. and Wallach, D.S.},
  journal={USENIX Security},
  year={2011}
}

@inproceedings{sandler2008case,
  title={The case for networked remote voting precincts},
  author={Sandler, D.R. and Wallach, D.S.},
  booktitle={Proceedings of the conference on Electronic voting technology},
  pages={6},
  year={2008},
  organization={USENIX Association}
}

@article{wallach2003enforcing,
  title={Enforcing fair sharing of peer-to-peer resources},
  author={Wallach, D.S. and Ngan, TW and Druschel, P.},
  journal={2nd International Workshop on Peer-to-Peer Systems (IPTPS), Berkeley, California (February 2003)},
  year={2003}
}

@article{crosby2009super,
  title={Super-efficient aggregating history-independent persistent authenticated dictionaries},
  author={Crosby, S. and Wallach, D.},
  journal={Computer Security--ESORICS 2009},
  pages={671--688},
  year={2009},
  publisher={Springer}
}

@inproceedings{√∂ks√ºzoƒülu2009votebox,
  title={VoteBox nano: a smaller, stronger FPGA-based voting machine},
  author={{\"O}ks{\"u}zo{\u{g}}lu, E. and Wallach, D.S.},
  booktitle={Proceedings of the 2009 conference on Electronic voting technology/workshop on trustworthy elections},
  pages={8--8},
  year={2009},
  organization={USENIX Association}
}

@article{wallach2010technical,
  title={Technical perspective Native Client: a clever alternative},
  author={Wallach, D.},
  journal={Communications of the ACM},
  volume={53},
  number={1},
  pages={90--90},
  year={2010},
  publisher={ACM}
}

@misc{gerechttaking,
  title={Taking TrackBack Back (from Spam)},
  author={Gerecht, P. and McDonald, R. and Sandler, D. and Thomas-Stivalet, A. and Wallach, D.S.}
}

@article{wallach2011rebooting,
  title={Rebooting the CS publication process},
  author={Wallach, D.S.},
  journal={Communications of the ACM},
  volume={54},
  number={10},
  pages={32--35},
  year={2011},
  publisher={ACM}
}

@article{dean1996trust,
  title={Trust Management In Web Browsers, Present and Future},
  author={Dean, D. and Felten, E.W. and Wallach, D.},
  journal={DIMACS Workshop on Trust Management in Networks, South Plainfield, NJ, September},
  year={1996}
}

@article{kinglearned,
  title={How I Learned to Stop Worrying and Love Plugins},
  author={King, C.G.S.T. and Wallach, D.S.},
  publisher={Citeseer}
}

@article{stubblefielddimacs,
  title={DIMACS Workshop on Cryptography: Theory Meets Practice},
  author={Stubblefield, A. and Wallach, D. and Intersection, S. and Intersection, T.S. and Reiter, M. and Modes, C.P.}
}

@article{wallach2005ad,
  title={Ad Hoc and P2P Security-Guest Editors' Introduction},
  author={Wallach, D.S. and Shieh, S.W.},
  journal={IEEE Internet Computing},
  volume={9},
  number={6},
  pages={14--15},
  year={2005},
  publisher={Los Alamitos, CA: IEEE Computer Society Publications Office, c1997-}
}

@book{massacci2010engineering,
  title={Engineering Secure Software and Systems: Second International Symposium, ESSoS 2010, Pisa, Italy, February 3-4, 2010, Proceedings},
  author={Massacci, F. and Wallach, D. and Zannone, N.},
  volume={5965},
  year={2010},
  publisher={Springer-Verlag New York Inc}
}

@article{√∂ks√ºzogluvotebox,
  title={VoteBox Nano: A Smaller, Stronger FPGA-based Voting Machine (Short Paper)},
  author={{\"O}ks{\"u}zoglu, E. and Wallach, D.S.}
}

@article{bannetintent,
  title={INTENT BASED SECURITY ANALYSIS},
  author={Bannet, J. and Bergauer, R. and Rudys, A. and Wallach, D.S.}
}

@article{feigenbaum1996abadi,
  title={Abadi, M KanS, M-2 Ammann, P. 74 Lacy, J 164 Anderson, R 30 Longstaff, T 120 Barnett, S 26 Mao, W 201 \_ uv 94 McMillin, B-222 Bertino, E.‚Äîy},
  author={Feigenbaum, J. and Samarati, P. and Felten, E. and Schneider, S. and Fine, T. and Serban, C. and GoUmann, D. and van Doom, L. and Gong, L. and Wallach, D. and others},
  journal={1996 IEEE Symposium on Security and Privacy: May 6-8, 1996, Oakland, California},
  pages={233},
  year={1996},
  publisher={IEEE Computer Society Press}
}

@article{sandlerrice,
  title={Rice University $\{$dsandler, dwallach$\}$@ cs. rice. edu},
  author={Sandler, D. and Wallach, D.S.},
  publisher={Citeseer}
}

@inproceedings{bild2011using,
  title={Using predictable mobility patterns to support scalable and secure MANETs of handheld devices},
  author={Bild, D.R. and Liu, Y. and Dick, R.P. and Mao, Z.M. and Wallach, D.S.},
  booktitle={Proceedings of the sixth international workshop on MobiArch},
  pages={13--18},
  year={2011},
  organization={ACM}
}

@article{laddusing,
  title={Using Wire},
  author={Ladd, A.M. and Bekris, K.E. and Marceau, G. and Rudys, A. and Wallach, D.S. and Kavraki, L.E.},
  publisher={Citeseer}
}

@article{feltenspoofing,
  title={Spoofing Attacks},
  author={Felten, E.W. and Balfanz, D. and Dean, D. and Wallach, D.S.}
}

@article{coates2002itr,
  title={ITR: Detection and Localization of Anomalous Network Behavior},
  author={Coates, M. and Dwarshuis, R. and Honeyman, P. and Lafortune, S. and Liu, M. and Michailidis, G. and Noble, B. and Nowak, R. and Ogden, J. and Pradhan, S. and others},
  year={2002}
}

@article{bannethack,
  title={The Hack-a-vote System},
  author={Bannet, J. and Price, D.W. and Rudys, A. and Singer, J. and Wallach, D.S.}
}

@article{feltentechnical,
  title={Technical Report 540-96 Department of Computer Science, Princeton University},
  author={Felten, E.W. and Balfanz, D. and Dean, D. and Wallach, D.S.}
}

@article{dingledine2010building,
  title={Building Incentives into Tor},
  author={Dingledine, R. and Wallach, D.S.},
  journal={Lecture Notes in Computer Science},
  volume={6052},
  pages={238},
  year={2010}
}

@article{wallach2011smartphone,
  title={Smartphone Security: Trends and Predictions},
  author={Wallach, D.},
  year={2011}
}

@article{sandlerbirds,
  title={Birds of aÔù¶Ôù•Ôù¥Ôù®Ôù≤: Open, decentralized micropublishing},
  author={Sandler, D.R. and Wallach, D.S.}
}

@article{johnny2010building,
  title={Building Incentives into Tor},
  author={‚ÄúJohnny‚Äù Ngan, T.W. and Dingledine, R. and Wallach, D.},
  journal={Financial Cryptography and Data Security},
  pages={238--256},
  year={2010},
  publisher={Springer}
}

@article{wallach2005calls,
  title={Calls for Papers},
  author={Wallach, D.},
  year={2005}
}

@article{crosby2010high,
  title={High throughput asynchronous algorithms for message authentication},
  author={Crosby, S.A. and Wallach, D.S.},
  year={2010}
}

@article{rubincenter,
  title={A Center for Correct, Usable, Reliable, Auditable, and Transparent Elections (ACCURATE)},
  author={Rubin, A.D. and Wallach, D.S. and Boneh, D. and Byrne, M.D. and Dean, D. and Dill, D.L. and Jones, D.W. and Neumann, P.G.}
}

@article{pi2002itr,
  title={ITR: Detection and Localization of Anomalous Network Behavior},
  author={PI, A.H. and Baraniuk, R. and Coates, M. and Jamin, S. and Lafortune, S. and Liu, M. and Michailidis, G. and Noble, B. and Nowak, R. and Pradhan, S. and others},
  year={2002}
}

@article{zhu2011analysis,
  title={An Analysis of Chinese Search Engine Filtering},
  author={Zhu, T. and Bronk, C. and Wallach, D.S.},
  journal={Arxiv preprint arXiv:1107.3794},
  year={2011}
}

@article{wallach2009technical,
  title={technical Perspective tools for Information to flow securely and swift-ly},
  author={Wallach, D.},
  journal={CommunICatIons of the aCm},
  volume={52},
  number={2},
  year={2009}
}

@article{auras,
  title={S\&P 2007},
  author={Aura, T. and Balfanz, D. and Bellovin, S. and Bertino, E. and Blaze, M. and Bonatti, P. and Cachin, C. and Cowan, C. and Cunningham, R. and Datta, A. and others}
}

@article{massacci2010engineering,
  title={Engineering Secure Software \& Systems (Lecture Notes in Computer Science, Security \& Cryptology, Vol. 5965).},
  author={MASSACCI, F. and WALLACH, D. and ZANNONE, N.},
  year={2010}
}

@article{nielson2011building,
  title={Building Better Incentives for Robustness in BitTorrent},
  author={Nielson, S.J. and Spare, C.E. and Wallach, D.S.},
  journal={Arxiv preprint arXiv:1108.2716},
  year={2011}
}

@article{nielson2011bittorrent,
  title={The BitTorrent Anonymity Marketplace},
  author={Nielson, S.J. and Wallach, D.S.},
  journal={Arxiv preprint arXiv:1108.2718},
  year={2011}
}

@article{crosby2011authenticated,
  title={Authenticated Dictionaries: Real-World Costs and Trade-Offs},
  author={Crosby, S.A. and Wallach, D.S.},
  journal={ACM Transactions on Information and System Security (TISSEC)},
  volume={14},
  number={2},
  pages={17},
  year={2011},
  publisher={ACM}
}

@article{bachrach2011h00t,
  title={\# h00t: Censorship Resistant Microblogging},
  author={Bachrach, D. and Nunu, C. and Wallach, D.S. and Wright, M.},
  journal={Arxiv preprint arXiv:1109.6874},
  year={2011}
}

@book{dill2003frequently,
  title={Frequently Asked Questions about DRE Voting Systems},
  author={Dill, D.L. and Mercuri, R. and Neumann, P.G. and Wallach, D.S.},
  year={2003},
  publisher={Feb}
}

@article{wallach2006security,
  title={Security and Reliability of Webb County's ES\&S Voting System and the March'06 Primary Election},
  author={Wallach, D.S.},
  journal={Expert Report in Flores v. Lopez},
  year={2006}
}

@article{batesaccountable,
  title={Accountable Wiretapping},
  author={Bates, A. and Butler, K. and Sherr, M. and Shields, C. and Traynor, P. and Wallach, D.}
}

@article{shekhar2012adsplit,
  title={AdSplit: Separating smartphone advertising from applications},
  author={Shekhar, S. and Dietz, M. and Wallach, D.S.},
  journal={Arxiv preprint arXiv:1202.4030},
  year={2012}
}

@article{leuschel2003prob,
  title={ProB: A model checker for B},
  author={Leuschel, M. and Butler, M.},
  journal={FME 2003: Formal Methods},
  pages={855--874},
  year={2003},
  publisher={Springer}
}

@article{snook2006uml,
  title={UML-B: Formal modeling and design aided by UML},
  author={Snook, C. and Butler, M.},
  journal={ACM Transactions on Software Engineering and Methodology (TOSEM)},
  volume={15},
  number={1},
  pages={92--122},
  year={2006},
  publisher={ACM}
}

@article{butler2004operational,
  title={An operational semantics for StAC, a language for modelling long-running business transactions},
  author={Butler, M. and Ferreira, C.},
  journal={Coordination Models and Languages},
  pages={87--104},
  year={2004},
  publisher={Springer}
}

@article{butler2005trace,
  title={A trace semantics for long-running transactions},
  author={Butler, M. and Hoare, T. and Ferreira, C.},
  journal={Communicating Sequential Processes. The First 25 Years},
  pages={707--711},
  year={2005},
  publisher={Springer}
}

@article{abrial2006open,
  title={An open extensible tool environment for Event-B},
  author={Abrial, J.R. and Butler, M. and Hallerstede, S. and Voisin, L.},
  journal={Formal Methods and Software Engineering},
  pages={588--605},
  year={2006},
  publisher={Springer}
}

@article{butler2000csp2b,
  title={csp2B: A practical approach to combining CSP and B},
  author={Butler, M.},
  journal={Formal Aspects of computing},
  volume={12},
  number={3},
  pages={182--198},
  year={2000},
  publisher={Springer}
}

@article{leuschel2008prob,
  title={ProB: an automated analysis toolset for the B method},
  author={Leuschel, M. and Butler, M.},
  journal={International Journal on Software Tools for Technology Transfer (STTT)},
  volume={10},
  number={2},
  pages={185--203},
  year={2008},
  publisher={Springer}
}

@article{butler1992csp,
  title={A CSP approach to action systems},
  author={Butler, M.J.},
  year={1992}
}

@article{butler1999csp2b,
  title={csp2B: A practical approach to combining CSP and B},
  author={Butler, M.},
  journal={FM‚Äô99‚ÄîFormal Methods},
  pages={709--709},
  year={1999},
  publisher={Springer}
}

@article{butler2005combining,
  title={Combining CSP and B for specification and property verification},
  author={Butler, M. and Leuschel, M.},
  journal={FM 2005: Formal Methods},
  pages={221--236},
  year={2005},
  publisher={Springer}
}

@article{butler1996distributed,
  title={Distributed system development in B},
  author={Butler, M.J. and Wald{\'e}n, M.},
  year={1996},
  publisher={IRIN (Institut de Recherche en Informatique de Nantes)}
}

@article{butler1997approach,
  title={An approach to the design of distributed systems with B AMN},
  author={Butler, M.},
  journal={ZUM'97: The Z Formal Specification Notation},
  pages={221--241},
  year={1997},
  publisher={Springer}
}

@article{butler1996stepwise,
  title={Stepwise refinement of communicating systems},
  author={Butler, M.J.},
  journal={Science of Computer programming},
  volume={27},
  number={2},
  pages={139--173},
  year={1996},
  publisher={Elsevier}
}

@article{butler1997refinement,
  title={The refinement calculator: Proof support for program refinement},
  author={Butler, M.J. and Grundy, J. and L{\aa}ngbacka, T. and Ruksenas, R. and Wright, J.},
  year={1997},
  publisher={Springer-Verlag, Berlin}
}

@article{butler2000process,
  title={A process compensation language},
  author={Butler, M. and Ferreira, C.},
  journal={Integrated Formal Methods},
  pages={61--76},
  year={2000},
  publisher={Springer}
}

@article{bruni2005comparing,
  title={Comparing two approaches to compensable flow composition},
  author={Bruni, R. and Butler, M. and Ferreira, C. and Hoare, T. and Melgratti, H. and Montanari, U.},
  journal={CONCUR 2005--Concurrency Theory},
  pages={383--397},
  year={2005},
  publisher={Springer}
}

@inproceedings{leavens2006roadmap,
  title={Roadmap for enhanced languages and methods to aid verification},
  author={Leavens, G.T. and Abrial, J.R. and Batory, D. and Butler, M. and Coglio, A. and Fisler, K. and Hehner, E. and Jones, C. and Miller, D. and Peyton-Jones, S. and others},
  booktitle={Proceedings of the 5th international conference on Generative programming and component engineering},
  pages={221--236},
  year={2006},
  organization={ACM}
}

@article{abrial2010rodin,
  title={Rodin: an open toolset for modelling and reasoning in Event-B},
  author={Abrial, J.R. and Butler, M. and Hallerstede, S. and Hoang, T.S. and Mehta, F. and Voisin, L.},
  journal={International Journal on Software Tools for Technology Transfer (STTT)},
  volume={12},
  number={6},
  pages={447--466},
  year={2010},
  publisher={Springer}
}

@article{chessell2002extending,
  title={Extending the concept of transaction compensation},
  author={Chessell, M. and Griffin, C. and Vines, D. and Butler, M. and Ferreira, C. and Henderson, P.},
  journal={IBM Systems Journal},
  volume={41},
  number={4},
  pages={743--758},
  year={2002},
  publisher={IBM}
}

@article{butler2005executable,
  title={Executable semantics for compensating CSP},
  author={Butler, M. and Ripon, S.},
  journal={Formal Techniques for Computer Systems and Business Processes},
  pages={243--256},
  year={2005},
  publisher={Springer}
}

@article{snook2004u2b,
  title={U2B-A tool for translating UML-B models into B},
  author={Snook, C. and Butler, M.},
  journal={UML-B Specification for Proven Embedded Systems Design},
  year={2004},
  publisher={Springer}
}

@article{butler2005precise,
  title={Precise modelling of compensating business transactions and its application to BPEL},
  author={Butler, M. and Ferreira, C. and Ng, M.Y.},
  journal={Journal of Universal Computer Science},
  volume={11},
  number={5},
  pages={712--743},
  year={2005}
}

@article{leuschel2005automatic,
  title={Automatic refinement checking for B},
  author={Leuschel, M. and Butler, M.},
  journal={Formal Methods and Software Engineering},
  pages={345--359},
  year={2005},
  publisher={Springer}
}

@article{butler1996action,
  title={An action system approach to the steam boiler problem},
  author={Butler, M. and Sekerinski, E. and Sere, K.},
  journal={Formal Methods for Industrial Applications},
  pages={129--148},
  year={1996},
  publisher={Springer}
}

@article{butler2009decomposition,
  title={Decomposition structures for Event-B},
  author={Butler, M.},
  journal={Integrated Formal Methods},
  pages={20--38},
  year={2009},
  publisher={Springer}
}

@inproceedings{ng2003towards,
  title={Towards formalizing UML state diagrams in CSP},
  author={Ng, M.Y. and Butler, M.},
  booktitle={Software Engineering and Formal Methods, 2003. Proceedings. First International Conference on},
  pages={138--147},
  year={2003},
  organization={IEEE}
}

@article{butler2008incremental,
  title={An incremental development of the Mondex system in Event-B},
  author={Butler, M. and Yadav, D.},
  journal={Formal Aspects of Computing},
  volume={20},
  number={1},
  pages={61--77},
  year={2008},
  publisher={Springer}
}

@article{butler2002use,
  title={On the use of data refinement in the development of secure communications systems},
  author={Butler, M.},
  journal={Formal Aspects of Computing},
  volume={14},
  number={1},
  pages={2--34},
  year={2002},
  publisher={Springer}
}

@article{back1995exploring,
  title={Exploring summation and product operators in the refinement calculus},
  author={Back, R.J. and Butler, M.},
  journal={Mathematics of Program Construction},
  pages={128--158},
  year={1995},
  publisher={Springer}
}

@article{butler1995action,
  title={Action systems, unbounded nondeterminism, and infinite traces},
  author={Butler, M. and Morgan, C.},
  journal={Formal Aspects of Computing},
  volume={7},
  number={1},
  pages={37--53},
  year={1995},
  publisher={Springer}
}

@article{satpathy2005protest,
  title={ProTest: An automatic test environment for B specifications},
  author={Satpathy, M. and Leuschel, M. and Butler, M.},
  journal={Electronic Notes in Theoretical Computer Science},
  volume={111},
  pages={113--136},
  year={2005},
  publisher={Elsevier}
}

@article{snook2008uml,
  title={UML-B and Event-B: an integration of languages and tools},
  author={Snook, C. and Butler, M.},
  year={2008}
}

@article{hartel1999operational,
  title={The operational semantics of a Java secure processor},
  author={Hartel, P. and Butler, M. and Levy, M.},
  journal={Formal Syntax and Semantics of Java},
  pages={541--541},
  year={1999},
  publisher={Springer}
}

@article{back1998fusion,
  title={Fusion and simultaneous execution in the refinement calculus},
  author={Back, R.J. and Butler, M.},
  journal={Acta Informatica},
  volume={35},
  number={11},
  pages={921--949},
  year={1998},
  publisher={Springer}
}

@article{mikhailov2002approach,
  title={An approach to combining B and Alloy},
  author={Mikhailov, L. and Butler, M.},
  journal={ZB 2002: Formal Specification and Development in Z and B},
  pages={140--161},
  year={2002},
  publisher={Springer}
}

@article{snook2001using,
  title={Using a graphical design tool for formal specification},
  author={Snook, C. and Butler, MJ},
  year={2001}
}

@article{snook2000verifying,
  title={Verifying dynamic properties of UML models by translation to the B language and toolkit},
  author={Snook, C. and Butler, M.},
  journal={UML 2000 Workshop on Dynamic Behaviour in UML Models: Semantic Questions},
  year={2000}
}

@article{ng2002tool,
  title={Tool support for visualizing CSP in UML},
  author={Ng, M. and Butler, M.},
  journal={Formal Methods and Software Engineering},
  pages={287--298},
  year={2002},
  publisher={Springer}
}

@article{evans2006proposal,
  title={A proposal for records in Event-B},
  author={Evans, N. and Butler, M.},
  journal={FM 2006: Formal Methods},
  pages={221--235},
  year={2006},
  publisher={Springer}
}

@article{leuschel2006symmetry,
  title={Symmetry reduction for B by permutation flooding},
  author={Leuschel, M. and Butler, M. and Spermann, C. and Turner, E.},
  journal={B 2007: Formal Specification and Development in B},
  pages={79--93},
  year={2006},
  publisher={Springer}
}

@article{butler2007rodin,
  title={The rodin formal modelling tool},
  author={Butler, M. and Hallerstede, S.},
  journal={BCS-FACS Christmas 2007 Meeting-Formal Methods In Industry, London.},
  year={2007}
}

@article{butler1993refinement,
  title={Refinement and decomposition of value-passing action systems},
  author={Butler, M.},
  journal={CONCUR'93},
  pages={217--232},
  year={1993},
  publisher={Springer}
}

@article{hartel1999questions,
  title={Questions and answers about ten formal methods},
  author={Hartel, PH and Butler, MJ and Currie, A. and Henderson, P. and Leuschel, M. and Martin, A. and Smith, A. and Ultes-Nitsche, U. and Walters, B.},
  year={1999},
  publisher={ERCIM/CNR}
}

@article{satpathy2001comparative,
  title={A comparative study of formal and informal specifications through an industrial case study},
  author={Satpathy, M. and Harrison, R. and Snook, C. and Butler, M.},
  journal={IEEE/IFIP Joint Workshop on Formal Specifications of Computer Based Systems, Washington DC},
  year={2001}
}

@article{snook2004rigorous,
  title={Rigorous development of reusable, domain-specific components, for complex applications},
  author={Snook, C. and Butler, M. and Edmunds, A. and Johnson, I.},
  year={2004},
  publisher={Technische Universitat Munchen}
}

@article{butler2002system,
  title={A system-based approach to the formal development of embedded controllers for a railway},
  author={Butler, M.},
  journal={Design Automation for Embedded Systems},
  volume={6},
  number={4},
  pages={355--366},
  year={2002},
  publisher={Springer}
}

@article{butler1999reasoning,
  title={Reasoning about Grover's quantum search algorithm using probabilistic wp},
  author={Butler, M. and Hartel, P.},
  journal={ACM Transactions on Programming Languages and Systems (TOPLAS)},
  volume={21},
  number={3},
  pages={417--429},
  year={1999},
  publisher={ACM}
}

@article{ferreira2003using,
  title={Using B refinement to analyse compensating business processes},
  author={Ferreira, C. and Butler, M.},
  journal={ZB 2003: Formal Specification and Development in Z and B},
  pages={627--627},
  year={2003},
  publisher={Springer}
}

@inproceedings{turner2007symmetry,
  title={Symmetry reduced model checking for B},
  author={Turner, E. and Leuschel, M. and Spermann, C. and Butler, M.},
  booktitle={Theoretical Aspects of Software Engineering, 2007. TASE'07. First Joint IEEE/IFIP Symposium on},
  pages={25--34},
  year={2007},
  organization={IEEE}
}

@article{damchoom2008modelling,
  title={Modelling and proof of a tree-structured file system in Event-B and Rodin},
  author={Damchoom, K. and Butler, M. and Abrial, J.R.},
  journal={Formal Methods and Software Engineering},
  pages={25--44},
  year={2008},
  publisher={Springer}
}

@article{snook2003towards,
  title={Towards a UML profile for UML-B},
  author={Snook, C. and Butler, M. and Oliver, I.},
  year={2003}
}

@article{silva2011decomposition,
  title={Decomposition tool for event-B},
  author={Silva, R. and Pascal, C. and Hoang, T.S. and Butler, M.},
  journal={Software: Practice and Experience},
  volume={41},
  number={2},
  pages={199--208},
  year={2011},
  publisher={Wiley Online Library}
}

@article{ball2009event,
  title={Event-B patterns for specifying fault-tolerance in Multi-Agent interaction},
  author={Ball, E. and Butler, M.},
  journal={Methods, Models and Tools for Fault Tolerance},
  pages={104--129},
  year={2009},
  publisher={Springer}
}

@article{butler2002extending,
  title={Extending the concept of transaction compensation},
  author={Butler, M. and Chessell, M. and Ferreira, C. and Griffin, C. and Henderson, P. and Vines, D.},
  journal={IBM Systems Journal},
  volume={41},
  number={4},
  pages={743--758},
  year={2002},
  publisher={Citeseer}
}

@article{butler1999calculational,
  title={Calculational derivation of pointer algorithms from tree operations},
  author={Butler, M.},
  journal={Science of computer programming},
  volume={33},
  number={3},
  pages={221--260},
  year={1999},
  publisher={Elsevier}
}

@article{leuschel2001animation,
  title={Animation and model checking of csp and b using prolog technology},
  author={Leuschel, M. and Adhianto, L. and Butler, M. and Ferreira, C. and Mikhailov, L.},
  journal={Proceedings of VCL},
  pages={97--109},
  year={2001},
  publisher={Citeseer}
}

@article{presti2005trust,
  title={A trust analysis methodology for pervasive computing systems},
  author={Presti, S. and Butler, M. and Leuschel, M. and Booth, C.},
  journal={Trusting Agents for Trusting Electronic Societies},
  pages={99--99},
  year={2005},
  publisher={Springer}
}

@article{butler1996program,
  title={Program derivation using the refinement calculator},
  author={Butler, M. and L{\aa}ngbacka, T.},
  journal={Theorem Proving in Higher Order Logics},
  pages={93--108},
  year={1996},
  publisher={Springer}
}

@book{butler2006rigorous,
  title={Rigorous development of complex fault-tolerant systems},
  author={Butler, M.},
  volume={4157},
  year={2006},
  publisher={Springer-Verlag New York Inc}
}

@article{butler2008incremental,
  title={Incremental design of distributed systems with Event-B},
  author={Butler, M.},
  journal={Marktoberdorf Summer School 2008 Lecture Notes},
  year={2008},
  publisher={IoS}
}

@article{edmunds2008linking,
  title={Linking Event-B and concurrent object-oriented programs},
  author={Edmunds, A. and Butler, M.},
  journal={Electronic Notes in Theoretical Computer Science},
  volume={214},
  pages={159--182},
  year={2008},
  publisher={Elsevier}
}

@article{satpathy2001generic,
  title={A generic model for assessing process quality},
  author={Satpathy, M. and Harrison, R. and Snook, C. and Butler, M.},
  journal={New Approaches in Software Measurement},
  pages={94--110},
  year={2001},
  publisher={Springer}
}

@book{butler2002integrated,
  title={Integrated Formal Methods: Third International Conference, IFM 2002, Turku, Finland, May 15-18, 2002: Proceedings},
  author={Butler, M. and Petre, L. and Sere, K.},
  volume={2335},
  year={2002},
  publisher={Springer Verlag}
}

@article{snook2004uml,
  title={The UML-B profile for formal systems modelling in UML},
  author={Snook, C. and Oliver, I. and Butler, M.},
  journal={UML-B Specification for Proven Embedded Systems Design},
  year={2004},
  publisher={Kluwer Academic Publishers, Dordrecht, The Netherlands}
}

@inproceedings{butler1990service,
  title={Service extension at the specification level},
  author={Butler, M.J.},
  booktitle={Proceedings of the Fifth Annual Z User Meeting on Z User Workshop},
  pages={319--333},
  year={1990},
  organization={Springer-Verlag}
}

@article{abrial2008roadmap,
  title={A roadmap for the Rodin toolset},
  author={Abrial, J.R. and Butler, M. and Hallerstede, S. and Voisin, L.},
  year={2008}
}

@article{augusto2003using,
  title={Using the extensible model checker xtl to verify stac business specifications},
  author={Augusto, J.C. and Leuschel, M. and Butler, M. and Ferreira, C.},
  journal={Pre-proceedings of 3rd Workshop on Automated Verification of Critical Systems (AVoCS 2003), Southampton (UK)},
  pages={253--266},
  year={2003},
  publisher={Citeseer}
}

@article{butler1993feature,
  title={Feature interaction analysis using Z},
  author={Butler, MJ},
  year={1993}
}

@article{rezazadeh2005some,
  title={Some guidelines for formal development of web-based applications in b-method},
  author={Rezazadeh, A. and Butler, M.},
  journal={ZB 2005: Formal Specification and Development in Z and B},
  pages={9--18},
  year={2005},
  publisher={Springer}
}

@article{satpathy2007automatic,
  title={Automatic testing from formal specifications},
  author={Satpathy, M. and Butler, M. and Leuschel, M. and Ramesh, S.},
  journal={Tests and Proofs},
  pages={95--113},
  year={2007},
  publisher={Springer}
}

@article{damchoom2009applying,
  title={Applying event and machine decomposition to a flash-based filestore in Event-B},
  author={Damchoom, K. and Butler, M.},
  journal={Formal Methods: Foundations and Applications},
  pages={134--152},
  year={2009},
  publisher={Springer}
}

@article{butler1998using,
  title={Using refinement to analyse the safety of an authentication protocol},
  author={Butler, MJ},
  year={1998}
}

@article{butler1999parallel,
  title={Parallel programming with the B Method},
  author={Butler, MJ and Wald{\'e}n, M.},
  year={1999},
  publisher={Springer-Verlag, Berlin}
}

@article{yadav2006rigorous,
  title={Rigorous design of fault-tolerant transactions for replicated database systems using Event B},
  author={Yadav, D. and Butler, M.},
  journal={Rigorous Development of Complex Fault-Tolerant Systems},
  pages={343--363},
  year={2006},
  publisher={Springer}
}

@article{ireland2011reasoned,
  title={Reasoned modelling critics: Turning failed proofs into modelling guidance},
  author={Ireland, A. and Grov, G. and Llano, M.T. and Butler, M.},
  journal={Science of Computer Programming},
  year={2011},
  publisher={Elsevier}
}

@article{butler2002approach,
  title={An approach to modelling and refining timing properties in B},
  author={Butler, M. and Falampin, J.},
  year={2002}
}

@article{snook2000tool,
  title={Tool-supported use of UML for constructing B specifications},
  author={Snook, C. and Butler, M.},
  journal={Technical repor t. http://www. ecs. soton. ac. uk/mjb/U2Bpaper2. pdf},
  year={2000}
}

@article{said2009language,
  title={Language and tool support for class and state machine refinement in UML-B},
  author={Said, M. and Butler, M. and Snook, C.},
  journal={FM 2009: Formal Methods},
  pages={579--595},
  year={2009},
  publisher={Springer}
}

@article{butler2004use,
  title={The use of formal methods in the analysis of trust (position paper)},
  author={Butler, M. and Leuschel, M. and Presti, S. and Turner, P.},
  journal={Trust Management},
  pages={333--339},
  year={2004},
  publisher={Springer}
}

@article{butler2005tools,
  title={Tools for system validation with B abstract machines},
  author={Butler, M. and Leuschel, M. and Snook, C.},
  journal={Proceedings of ASM},
  pages={57--69},
  year={2005}
}

@article{hartel2001transacted,
  title={Transacted memory for smart cards},
  author={Hartel, P. and Butler, M. and de Jong, E. and Longley, M.},
  journal={FME 2001: Formal Methods for Increasing Software Productivity},
  pages={478--499},
  year={2001},
  publisher={Springer}
}

@article{ripon2009pvs,
  title={PVS embedding of cCSP semantic models and their relationship},
  author={Ripon, S.H. and Butler, M.J.},
  journal={Electronic Notes in Theoretical Computer Science},
  volume={250},
  number={2},
  pages={103--118},
  year={2009},
  publisher={Elsevier}
}

@article{rezazadeh2007redevelopment,
  title={Redevelopment of an Industrial Case Study Using Event-B and Rodin},
  author={Rezazadeh, A. and Butler, M. and Evans, N.},
  year={2007}
}

@article{yadav2005application,
  title={Application of Event B to global causal ordering for fault tolerant transactions},
  author={Yadav, D. and Butler, M.},
  year={2005}
}

@article{hallerstede2004performance,
  title={Performance analysis of probabilistic action systems},
  author={Hallerstede, S. and Butler, M.},
  journal={Formal Aspects of Computing},
  volume={16},
  number={4},
  pages={313--331},
  year={2004},
  publisher={Springer}
}

@article{ripon2006relating,
  title={Relating Semantic Models of Compensating CSP},
  author={Ripon, S. and Butler, M.},
  journal={School of Electronics and Computer Science, University of Southampton, Tech. Rep},
  year={2006},
  publisher={Citeseer}
}

@article{sorge2009basis,
  title={A basis for feature-oriented modelling in event-B},
  author={Sorge, J. and Poppleton, M. and Butler, M.},
  journal={Pre-print},
  pages={14pp},
  year={2009}
}

@article{augusto2003using,
  title={Using SPIN and STeP to verify business processes specifications},
  author={Augusto, J.C. and Butler, M. and Ferreira, C. and Craig, S.J.},
  journal={Perspectives of System Informatics},
  pages={127--135},
  year={2003},
  publisher={Springer}
}

@article{butler2003towards,
  title={Towards a trust analysis framework for pervasive computing scenarios},
  author={Butler, M. and Leuschel, M. and Lo Presti, S. and Allsopp, D. and Beautement, P. and Booth, C. and Cusack, M. and Kirton, M.},
  year={2003}
}

@article{butler2009towards,
  title={Towards a cookbook for modelling and refinement of control problems},
  author={Butler, M.},
  year={2009},
  publisher={ECS, University of Southampton}
}

@techreport{augusto2002some,
  title={Some observations about using SPIN and STeP to verify StAC specifications},
  author={Augusto, J. and Butler, M.},
  year={2002},
  institution={Technical report, 2002. Electronics and Computer Science Department, University of Southampton. 34 pages. http://www. ecs. soton. ac. uk/jca/st2s. pdf}
}

@article{silva2009supporting,
  title={Supporting reuse of Event-B developments through generic instantiation},
  author={Silva, R. and Butler, M.},
  journal={Formal Methods and Software Engineering},
  pages={466--484},
  year={2009},
  publisher={Springer}
}

@article{augusto2003using,
  title={Using spin and step to verify stac specifications},
  author={Augusto, J. and Butler, M. and Ferreira, C. and Craig, S.},
  year={2003}
}

@article{butler1996approach,
  title={An Approach to the Design of Distributed Systems with B AMN (extended version)},
  author={Butler, MJ},
  journal={Declarative Systems \& Software Engineering Technical Reports DSSE-TR-96-6, Univ. of Southampton},
  year={1996},
  publisher={Citeseer}
}

@article{butler2009using,
  title={Using Event-B refinement to verify a control strategy},
  author={Butler, M.},
  year={2009},
  publisher={ECS, University of Southampton}
}

@article{butler1994specification,
  title={Specification of a program derivation editor},
  author={Butler, MJ and Hedman, E. and Nilson, P. and Ruksenas, R. and Wald{\'e}n, M. and Zhao, Y.},
  year={1994}
}

@article{yadav2007formal,
  title={Formal development of fault tolerant transactions for a replicated database using ordered broadcasts},
  author={Yadav, D. and Butler, M.},
  journal={Methods, Models and Tools for Fault Tolerance (MeMoT 2007)},
  pages={33--42},
  year={2007}
}

@article{salehi2010applying,
  title={Applying Event-B atomicity decomposition to a multi media protocol},
  author={Salehi Fathabadi, A. and Butler, M.},
  journal={Formal Methods for Components and Objects},
  pages={89--104},
  year={2010},
  publisher={Springer}
}

@article{leuschel2009validating,
  title={Validating and animating higher-order recursive functions in B},
  author={Leuschel, M. and Cansell, D. and Butler, M.},
  journal={Rigorous Methods for Software Construction and Analysis},
  pages={78--92},
  year={2009},
  publisher={Springer}
}

@article{maamria2009extensible,
  title={On an extensible rule-based prover for event-B},
  author={Maamria, I. and Butler, M. and Edmunds, A. and Rezazadeh, A.},
  year={2009}
}

@article{yeganefard2010evaluation,
  title={Evaluation of a guideline by formal modelling of cruise control system in Event-B},
  author={Yeganefard, S. and Butler, M. and Rezazadeh, A.},
  year={2010}
}

@article{butler1998event,
  title={Event Ordering in Action Systems},
  author={Butler, MJ},
  year={1998},
  publisher={Springer-Verlag, Berlin}
}

@article{butler2000performing,
  title={Performing algorithmic refinement before data refinement in B},
  author={Butler, M. and Meagher, M.},
  journal={ZB 2000: Formal Specification and Development in Z and B},
  pages={324--343},
  year={2000},
  publisher={Springer}
}

@article{yadav2009verification,
  title={Verification of liveness properties in distributed systems},
  author={Yadav, D. and Butler, M.},
  journal={Contemporary Computing},
  pages={625--636},
  year={2009},
  publisher={Springer}
}

@article{mikhailov2001combining,
  title={Combining b and alloy},
  author={Mikhailov, L. and Butler, M.},
  year={2001}
}

@article{silva2009supporting,
  title={Supporting reuse mechanisms for developments in event-b: composition},
  author={Silva, R. and Butler, M.},
  year={2009},
  publisher={Southampton University}
}

@article{turner2006symmetry,
  title={Symmetry reduction in the prob model checker},
  author={Turner, E. and Butler, M.},
  year={2006},
  publisher={Springer Verlag}
}

@article{butler2007some,
  title={Some filestore developments with Event-B and Rodin},
  author={Butler, M. and Damchoom, K. and Abrial, JR},
  journal={Verifiable File Store Mini-Challenge Workshop, co-located with the 9th ICFEM},
  year={2007}
}

@article{presti2006holistic,
  title={Holistic Trust Design of E-Services},
  author={Presti, S.L. and Butler, M. and Leuschel, M. and Booth, C.},
  journal={Trust in E-Services: Technologies, Practices and Challenges},
  pages={113--139},
  year={2006}
}

@article{butler2001introductory,
  title={Introductory Notes on Specification with Z},
  author={Butler, M.},
  year={2001}
}

@article{savicks2009animation,
  title={Animation of UML-B State-machines},
  author={Savicks, V. and Snook, C. and Butler, M.},
  year={2009}
}

@article{edmunds2010tool,
  title={Tool support for Event-B code generation},
  author={Edmunds, A. and Butler, M.},
  year={2010}
}

@article{yadav2007formal,
  title={Formal Specifications and Verification of Message Ordering Properties in a Broadcasting System using Event-B},
  author={Yadav, D. and Butler, M.},
  year={2007},
  publisher={Citeseer}
}

@article{butler1997applying,
  title={Applying formal methods to the design of smart card software},
  author={Butler, MJ and Hartel, PH and de Jong, EK and Longley, M.},
  year={1997},
  publisher={Department of Electronics and Computer Science, University of Southampton}
}

@article{rezazadeh2003event,
  title={Event-Based Modelling and Refinement of Distributed Monitoring and Control Systems},
  author={Rezazadeh, A. and Butler, M.},
  year={2003}
}

@article{butler1996calculational,
  title={Calculational derivation of algorithms on tree-based pointer structures},
  author={Butler, MJ},
  year={1996},
  publisher={Springer-Verlag Electronic Workshops in Computing}
}

@article{yadav2009formal,
  title={Formal development of a total order broadcast for distributed transactions using event-b},
  author={Yadav, D. and Butler, M.},
  journal={Methods, Models and Tools for Fault Tolerance},
  pages={152--176},
  year={2009},
  publisher={Springer}
}

@article{turner2010refinement,
  title={A Refinement-Based Correctness Proof of Symmetry Reduced Model Checking},
  author={Turner, E. and Butler, M. and Leuschel, M.},
  journal={Abstract State Machines, Alloy, B and Z},
  pages={231--244},
  year={2010},
  publisher={Springer}
}

@article{butler2006verified,
  title={On the verified-by-construction approach},
  author={Butler, M.},
  journal={FACS FACTS},
  year={2006},
  publisher={BCS FACS}
}

@article{snook2008uml,
  title={UML-B: A plug-in for the Event-B tool set1},
  author={Snook, C. and Butler, M.},
  journal={ABZ2008 Conference},
  year={2008},
  publisher={Citeseer}
}

@article{butler2001transacted,
  title={Transacted memory for smart cards},
  author={Butler, M. and Hartel, P. and Jong, E. and Longley, M.},
  year={2001},
  publisher={Springer-Verlag}
}

@article{butler2010mathematical,
  title={Mathematical Extension in Event-B through the Rodin Theory Component},
  author={Butler, M. and Maamria, I.},
  year={2010},
  publisher={Deploy Project}
}

@article{edmunds2009code,
  title={A Code Generation Example for Event-B: A Shared Channel with Concurrent Read/Writers},
  author={Edmunds, A. and Butler, M.},
  year={2009}
}

@book{butler2009methods,
  title={Methods, models and tools for fault tolerance},
  author={Butler, M. and Jones, C.B. and Romanovsky, A.},
  volume={5454},
  year={2009},
  publisher={Springer-Verlag New York Inc}
}

@article{butler1989formal,
  title={Formal techniques applied to the X. 400 Reliable Transfer Service},
  author={Butler, M.J.},
  year={1989}
}

@article{snooku2b,
  title={U2B Manual},
  author={Snook, C. and Butler, M.},
  journal={University of Southampton, Electronics and Computer Science http://www. soton. ac. uk/cds/U2Bdownmoads/U2B\_Manual. pdf}
}

@article{abrial2009proposals,
  title={Proposals for Mathematical Extensions for Event-B},
  author={Abrial, J.R. and Butler, M. and Hallerstede, S. and Leuschel, M. and Schmalz, M. and Voisin, L.},
  year={2009}
}

@article{lo2006holistic,
  title={Holistic Trust Design of E-Services},
  author={Lo Presti, S. and Butler, M. and Leuschel, M. and Booth, C.},
  journal={Trust in E-services: Technologies, Practices and Challenges},
  year={2006}
}

@article{edmunds2009code,
  title={Code Generation for Event-B with Intermediate Specification},
  author={Edmunds, A. and Butler, M.},
  journal={Rodin User and Developers Workshop},
  year={2009}
}

@article{ripon2008pvs,
  title={PVS Embedding of cCSP Semantic Models and their Relationship},
  author={Ripon, S. and Butler, M.},
  year={2008}
}

@book{butler1994stepwise,
  title={Stepwise Refinement of Communicating Systems},
  author={Butler, M. and Akademi, A.},
  year={1994},
  publisher={Citeseer}
}

@article{lo2004formal,
  title={Formal modelling and verification of trust in a pervasive application},
  author={Lo Presti, S. and Butler, M. and Leuschel, M. and Snook, C. and Turner, P.},
  year={2004}
}

@article{butler1999distributed,
  title={Distributed Electronic Mail System},
  author={Butler, MJ},
  year={1999},
  publisher={Springer-Verlag, Berlin}
}

@article{edmunds2011tasking,
  title={Tasking Event-B: An Extension to Event-B for Generating Concurrent Code},
  author={Edmunds, A. and Butler, M.},
  year={2011}
}

@article{salehi2011applying,
  title={Applying atomicity and model decomposition to a space craft system in event-B},
  author={Salehi Fathabadi, A. and Rezazadeh, A. and Butler, M.},
  journal={NASA Formal Methods},
  pages={328--342},
  year={2011},
  publisher={Springer}
}

@techreport{snook2000verifying,
  title={Verifying dynamic properties of UML models by translation to the B method and toolkit},
  author={Snook, C. and Butler, M.},
  year={2000},
  institution={Technical Report DSSE-TR-2000-12, Declarative Systems and Software Engineering Group, University of Southampton, September 2000. 38. http://www. dsse. ecs. soton. ac. uk/techreports/95-03/2000-12. html}
}

@article{hallerstede1999refinement,
  title={Refinement of dynamic systems},
  author={Hallerstede, S. and Butler, MJ},
  year={1999},
  publisher={University of Southampton}
}

@article{gondal2010feature,
  title={Feature-Oriented Modelling Using Event-B},
  author={Gondal, A. and Poppleton, M. and Butler, M. and Snook, C.},
  year={2010}
}

@article{butler1998reasoning,
  title={Reasoning about Grover's Quantum Search Algorithm using Probabilistic wp},
  author={Butler, M. and Hartel, P.},
  journal={Arxiv preprint quant-ph/9810066},
  year={1998}
}

@article{colley2009proving,
  title={On Proving with Event-B that a Pipelined Processor Model Implements its ISA Specification},
  author={Colley, J. and Butler, M.},
  year={2009}
}

@article{ball2006using,
  title={Using decomposition to model multi-agent interaction protocols in Event-B},
  author={Ball, E. and Butler, M.},
  year={2006},
  publisher={Springer}
}

@article{snook2000using,
  title={Using UML class diagrams for constructing B specifications},
  author={Snook, C. and Butler, M.},
  year={2000},
  publisher={Citeseer}
}

@article{maamria2010rewriting,
  title={Rewriting and well-definedness within a proof system},
  author={Maamria, I. and Butler, M.},
  journal={Arxiv preprint arXiv:1012.4897},
  year={2010}
}

@article{butler2002ifm,
  title={IFM 2002: integrated formal methods:(Turku, 15-18 May 2002)},
  author={Butler, M. and Petre, L. and Sere, K.},
  journal={Lecture notes in computer science},
  year={2002},
  publisher={Springer}
}

@article{butler2007formal,
  title={Formal Methods and Software Engineering (Paperback): 9th International Conference on Formal Engineering Methods, ICFEM 2007, Boca Raton, Florida, USA, November 14-15, 2007, Proceedings Book.(Series: Lecture Notes in Computer Science/Prog},
  author={BUTLER, M.},
  year={2007}
}

@article{butler2009bosch,
  title={Bosch switch mini-pilot},
  author={Butler, M.},
  year={2009}
}

@article{silvadecomposition,
  title={Decomposition Tool: Development and Usage},
  author={Silva, R. and Pascal, C. and Hoang, TS and Butler, M.}
}

@article{silva2010shared,
  title={Shared Event Composition/Decomposition in Event-B},
  author={Silva, R. and Butler, M.},
  year={2010}
}

@article{butler2009methods,
  title={Methods, models and tools for fault tolerance (paperback) book (series: lecture notes in computer science/programming and software engineering)},
  author={BUTLER, M. and JONES, C.B. and ROMANOVSKY, A. and TROUBITSYNA, E.},
  year={2009}
}

@article{boiten2006guest,
  title={Guest Editorial Editorial for the FAC Special Issue based on derivative papers from ‚ÄúRefine‚Äô05‚Äù},
  author={Boiten, E. and Butler, M.},
  journal={Formal Aspects of Computing},
  volume={18},
  number={3},
  pages={263--263},
  year={2006},
  publisher={Springer}
}

@article{jonesoverview,
  title={Overview \& motivation},
  author={Jones, C.B. and Bundy, A. and Grov, G. and Ireland, A. and Butler, M.}
}

@article{silva2009proposal,
  title={Proposal for Generic Instantiation of Machines in the Rodin Platform},
  author={Silva, R. and Butler, M.},
  year={2009}
}

@article{augustousing,
  title={Using SPIN and STeP to Verify Business Processes Specifications (To be evaluated as a Regular Paper)},
  author={Augusto, J.C. and Butler, M. and Ferreira, C.}
}

@article{butler1991behavioural,
  title={Behavioural extension for CSP},
  author={Butler, M.},
  journal={VDM'91 Formal Software Development Methods},
  pages={254--267},
  year={1991},
  publisher={Springer}
}

@article{yeganefard2011structuring,
  title={Structuring Functional Requirements of Control Systems to Facilitate Refinement-based Formalisation},
  author={Yeganefard, S. and Butler, M.},
  year={2011}
}

@article{b√∂rger2008proceedings,
  title={Proceedings of the 1st international conference on Abstract State Machines, B and Z},
  author={B{\"o}rger, E. and Butler, M. and Bowen, J.P. and Boca, P.},
  year={2008},
  publisher={Springer-Verlag}
}

@article{maamria2009proposal,
  title={Proposal for an extensible rule-based prover for Event-B},
  author={Maamria, I. and Butler, M.J. and Edmunds, A. and Rezazadeh, A.},
  year={2009}
}

@article{butler2007proceedings,
  title={Proceedings of the Workshop on Methods, Models and Tools for Fault Tolerance (MeMToFT 2007).},
  author={Butler, M. and Jones, C. and Romanovsky, A. and Troubitsyna, E.},
  year={2007}
}

@article{butlerfinal,
  title={Final report on methodology},
  author={Butler, MJ and Jones, CB and Rezazadeh, A. and Troubitsyna, E.}
}

@article{sterritticeccs,
  title={ICECCS 2011},
  author={Sterritt, R. and Breitman, K. and Acharya, M. and Aiguier, M. and AitAmeur, Y. and Almeida, L. and Araki, K. and Atkinson, C. and Baresi, L. and Berbers, Y. and others}
}

@article{butler1998extending,
  title={Extending the B Method with Distribution},
  author={Butler, M.},
  year={1998}
}

@article{butler2009rodin,
  title={Rodin User and Developer Workshop 2009-Extended Abstracts},
  author={Butler, M. and Hallerstede, S. and Voisin, L.},

  year={2009},
  publisher={DEPLOY Project}
}

@article{dongprogram,
  title={Program Co-chairs},
  author={Dong, J.S. and Sun, J. and Reeves, S. and Woodcock, J. and Sterritt, R. and Ireland, N. and Hamer, J. and Warren, I. and Aaltonen, T. and Amor, R. and others}
}

@article{sarshogh2011specification,
  title={Specification and refinement of discrete timing properties in Event-B},
  author={Sarshogh, M.R. and Butler, M.},
  journal={EPRINT},
  year={2011}
}

@article{butler2010slides,
  title={Slides on Event-B used for Deploy Associate Training},
  author={Butler, M.},
  year={2010}
}

@book{butler2007ninth,
  title={Ninth International Conference on Formal Engineering Methods},
  author={Butler, M. and Hinchey, M.G. and Larrondo-Petrie, M.M.},
  volume={4789},
  year={2007},
  publisher={Springer-Verlag New York Inc}
}

@article{butler2008incremental,
  title={Incremental Design of Distributed Systems},
  author={Butler, M.},
  year={2008}
}

@article{snook2011verification,
  title={Verification of UML models by translation to UML-B},
  author={Snook, C. and Savicks, V. and Butler, M.},
  journal={Lecture Notes in Computer Science},
  volume={6957},
  pages={251},
  year={2011},
  publisher={Springer}
}

@book{butler2006rigorous,
  title={Rigorous Engineering of Fault-Tolerant Systems},
  author={Butler, M. and Jones, C. and Romanovsky, A. and Troubitsyna, E. and SpringerLink (Service en ligne)},
  year={2006},
  publisher={Springer-Verlag GmbH.}
}

@book{butlerintegrated,
  title={Integrated Formal Methods:... International Conference; Proceedings},
  author={Butler, M. and Grieskamp, W. and IFM.},
  publisher={Springer.}
}

@article{hallerstede2002performance,
  title={A Performance-Oriented Refinement Assistant},
  author={Hallerstede, S. and Butler, M.},
  year={2002}
}

@article{butler2002system,
  title={A System-based Approach to the Formal Development of},
  author={Butler, M.},
  year={2002}
}

@article{snook2002tool,
  title={Tool-Supported Use of UML for Developing B Projects},
  author={Snook, C. and Butler, M.},
  year={2002},
  publisher={Citeseer}
}

@article{edmunds2011event,
  title={From Event-B Models to Code: Sensing, Actuating, and the Environment},
  author={Edmunds, A. and Rezazadeh, A. and Butler, M.},
  year={2011}
}

@article{edmundspresentation,
  title={Presentation Slides-Tasking Event-B for Code Generation},
  author={Edmunds, A. and Butler, M.}
}

@article{said2009class,
  title={Class and State Machine Refinement in UML-B},
  author={Said, M.Y. and Butler, M. and Snook, C.},
  year={2009}
}

@article{butler2005proceedings,
  title={Proceedings of the Workshop on Rigorous Engineering of Fault-Tolerant Systems (REFT 2005).},
  author={Butler, M. and Jones, C. and Romanovsky, A. and Troubitsyna, E.},
  year={2005},
  publisher={University of Newcastle upon Tyne, School of Computing Science}
}

@article{butler1993experiment,
  title={Experiment D: Application of Z to IN-Services Test Case},
  author={Butler, M. and McDonnell, E.},
  year={1993}
}

@article{said2009class,
  title={Class and state machine refinement in UML-B},
  author={Said, M.Y. and Butler, M. and Snook, C.},
  journal={Proceedings of Workshop on Integration of Model-based Formal Methods and Tools (associated with IFM 2009)},
  year={2009}
}

@article{yadavformal,
  title={Formal Development of Broadcast Systems and Verification of Ordering Properties using Event-B},
  author={Yadav, D. and Butler, M.}
}

@book{butler2000integrated,
  title={Integrated formal methods:... international conference; proceedings. Dagstuhl Castle, Germany, November 1-3, 2000},
  author={Butler, M. and Grieskamp, W.},
  volume={2},
  year={2000},
  publisher={Springer}
}

@article{butler1998safety,
  title={Safety Analysis of an Authentication Protocol using Refinement DRAFT},
  author={Butler, M.},
  year={1998}
}

@article{butler2009language,
  title={Language and Tool Support for Class and State Machine Refinement in UML-B},
  author={Butler, M. and Snook, C. and others},
  year={2009},
  publisher={Springer}
}

@article{snookproject,
  title={Project IST-2000-30103 PUSSEE},
  author={Snook, C. and Butler, M.}
}

@book{butler2007formal,
  title={Formal methods and software engineering [electronic resource]: 9th International Conference on Formal Engineering Methods, ICFEM 2007, Boca Raton, FL, USA, November 14-15, 2007: proceedings},
  author={Butler, M. and Hinchey, M.G. and Larrondo-Petrie, M.M. and SpringerLink (Online service)},
  year={2007},
  publisher={Springer}
}

@article{fantechisew,
  title={SEW-33 Program Committee},
  author={Fantechi, A. and Sztajnberg, A. and Abdallah, A.E. and Dittmar, A. and Finkelstein, A. and Cerone, A. and Eberlein, A. and Felic{\'\i}ssimo, C.H. and Fidge, C. and Seceleanu, C. and others}
}

@article{butler2008uml,
  title={UML-B version of SSF mini-pilot},
  author={Butler, M.},
  year={2008}
}

@article{grov10proposal,
  title={A Proposal for a Rodin Proof Planner \& Reasoned Modelling Plug-in},
  author={Grov, G. and Ireland, A. and Butler, M. and Bundy, A. and Jones, C.},
  journal={integration},
  volume={10},
  pages={12}
}

@article{mikhailova2002contracts,
  title={Contracts for Scenario-Based Testing of Object-Oriented Programs},
  author={Mikhailova, A. and Doche, M. and Butler, M.},
  year={2002},
  publisher={Citeseer}
}

@article{butler2007formal,
  title={Formal Methods and Software Engineering: 9th International Conference on Formal Engineering Methods, ICFEM 2007},
  author={Butler, M. and Hinchey, M.G. and Larrondo-Petrie, M.M.},
  year={2007},
  publisher={Springer}
}

@article{butler2003using,
  title={Using B Refinement to Analyse Compensating Business Processes},
  author={Butler, M. and Ferreira, C.},
  year={2003},
  publisher={Springer}
}

@article{butler1993refinement,
  title={Refinement and Decomposition of Value-Passing Action Systemss in the Refinement Calculus},
  author={Butler, MJ},
  year={1993},
  publisher={Springer-Verlag}
}

@article{butler2008abz2008,
  title={ABZ2008 Conference},
  author={Butler, M. and Bowen, J. and Boca, P.},
  year={2008},
  publisher={Citeseer}
}

@article{butler2001use,
  title={On the Use of Data Refinement in the},
  author={Butler, M.},
  year={2001}
}

@article{deroure2000study,
  title={Study of Security in Multi-Agent Architectures},
  author={DeRoure, D. and Moreau, L. and Butler, M. and Chown, T. and Hartel, P.},
  year={2000},
  publisher={Department of Electronics and Computer Science, University of Southampton}
}

@article{jonesusingaitoaidautomationofproofsearchinformalmethods,
  title={UsingAItoaidautomationofproofsearchinFormalMethods},
  author={Jones, C.B. and Bundy, A. and Ireland, A. and Grov, G. and Freitas, L. and Velykis, A. and Butler, M.}
}

@article{butler1990formal,
  title={Formal Specification of the X. 400 Reliable Transfer Service},
  author={Butler, M. and House, K.},
  year={1990},
  publisher={Citeseer}
}

@article{back1994applications,
  title={Applications of summation and product operators in the refinement calculus},
  author={Back, R.J. and Butler, M.},
  journal={Nordic Workshop on Programming Theory},
  pages={96},
  year={1994}
}

@book{butler2004integrated,
  title={Integrated Formal Methods:... International Conference; Proceedings. Canterbury, UK, April 4-7, 2004},
  author={Butler, M. and Grieskamp, W. and IFM.},
  year={2004},
  publisher={Springer}
}

@article{berryuml,
  title={UML\&AADL Program Committee},
  author={Berry, D.M. and Bohner, S. and Bowen, J. and Briot, J.P. and Broy, M. and Butler, M. and Cangussu, J. and Cheng, A.M.K. and Cohen, M. and Davies, J. and others}
}

@article{ripon2010formalizing,
  title={Formalizing cCSP Synchronous Semantics in PVS},
  author={Ripon, S.H. and Butler, M.},
  journal={Arxiv preprint arXiv:1001.3464},
  year={2010}
}

@article{gondal2011composing,
  title={Composing Event-B Specifications-Case-Study Experience},
  author={Gondal, A. and Poppleton, M. and Butler, M.},
  journal={Software Composition},
  pages={100--115},
  year={2011},
  publisher={Springer}
}

@article{evans2006incremental,
  title={Incremental Construction of Large Specifications: Case Study and Techniques},
  author={Evans, N. and Butler, M.},
  year={2006},
  publisher={Citeseer}
}

@article{butler2002integrated,
  title={Integrated Formal Methods (Paperback): Third International Conference, IFM 2002, Turku, Finland, May 15-18, 2002. Proceedings. Book.(Series: Lecture Notes in Computer Science).},
  author={BUTLER, M. and PETRE, L. and SERE, K.},
  year={2002}
}

@article{vorospussee,
  title={PUSSEE METHOD},
  author={Voros, N. and Snook, C. and Hallerstede, S. and Mueller, W. and Kronl{\"o}f, K. and Oliver, I. and Lecomte, T. and Mermet, J. and Butler, M.},
  publisher={Citeseer}
}

@article{aichernig2009preface,
  title={Preface: Special Issue on REFINE 2006},
  author={Aichernig, B. and Boiten, E.A. and Butler, M. and Derrick, J. and Groves, L.},
  journal={Formal Aspects of Computing},
  volume={21},
  number={1-2},
  year={2009}
}

@article{aichernigsteering,
  title={Steering Program Committee},
  author={Aichernig, B. and Araki, K. and Arbab, F. and Bowen, J. and Butler, M. and Cavalcanti, A. and Davies, J. and Dromey, G. and Dong, J.S. and Duan, Z. and others}
}

@article{augusto2002verifying,
  title={Verifying Correctness in StAC Specifications},
  author={Augusto, J.C. and Butler, M.},
  year={2002}
}

@article{butler2008towards,
  title={Towards Tool Support for Formal Refinement},
  author={Butler, M.},
  year={2008},
  publisher={Citeseer}
}

@article{boerger2008abz2008,
  title={ABZ2008 Conference-Short Papers},
  author={Boerger, E. and Butler, M. and Bowen, J. and Boca, P.},
  year={2008}
}

@article{lo2005literature,
  title={Literature Survey on Trust},
  author={Lo Presti, S. and Butler, M.},
  year={2005}
}

@article{maamria2010rewriting,
  title={Rewriting and Well-Definedness within a Proof System},
  author={Maamria, I. and Butler, M.},
  year={2010}
}

@article{maamriaaddressing,
  title={Addressing Extensibility Issues in Rodin and Event-B},
  author={Maamria, I. and Butler, M.}
}

@book{butler2011fm,
  title={FM 2011: Formal Methods: 17th International Symposium on Formal Methods, Limerick, Ireland, June 20-24, 2011, Proceedings},
  author={Butler, M. and Schulte, W.},
  volume={6664},
  year={2011},
  publisher={Springer}
}

@article{chintase,
  title={TASE 2009 Committees},
  author={Chin, W.N. and Qin, S. and Aichernig, B. and Andrei, S. and Araki, K. and Arbab, F. and Bowen, J. and Butler, M. and Chen, J. and Chuang, T.R. and others}
}

@article{hallerstede2002performance,
  title={A Performance-Oriented Refinement Assistant},
  author={Hallerstede, S. and Butler, M.},
  year={2002},
  publisher={Citeseer}
}

@article{butler1991behavioural,
  title={Behavioural Extension for CSP Processes},
  author={Butler, MJ},
  year={1991},
  publisher={Springer-Verlag}
}

@article{de2000study,
  title={Study of Security in Multi-Agent Architectures Contract CU016-0000000902},
  author={De Roure, D. and Butler, M. and Chown, T. and Hartel, P.},
  year={2000}
}

@article{butler2005rigorous,
  title={Rigorous Engineering of Fault-Tolerant Systems (REFT 2005)},
  author={Butler, M. and Jones, C. and Romanovsky, A. and Troubitsyna, E.},
  year={2005}
}

@article{ng2002tool,
  title={Tool Support for Visualizing CSP in UML Diagrams},
  author={Ng, MY and Butler, M.},
  journal={SCHOOL OF COMPUTER SCIENCE RESEARCH REPORTS-UNIVERSITY OF BIRMINGHAM CSR},
  pages={181--194},
  year={2002},
  publisher={University of Birmingham; 1999}
}

@article{butler2011proceedings,
  title={Proceedings of the 17th international conference on Formal methods},
  author={Butler, M. and Schulte, W.},
  year={2011},
  publisher={Springer-Verlag}
}

@article{kellb√∂rger,
  title={E. B{\"o}rger},
  author={Kell, S. and Banach, R. and Butler, M. and Ferreira, C. and Ng, MY and Henderson-Sellers, B. and Ralyt{\'e}, J.}
}

@article{ripon2010deriving,
  title={Deriving Relationship Between Semantic Models-An Approach for cCSP},
  author={Ripon, S.H. and Butler, M.},
  journal={Arxiv preprint arXiv:1002.3330},
  year={2010}
}

@article{ameuriceccs,
  title={ICECCS 2010},
  author={Ameur, Y.A. and Barbosa, S. and Brooke, P. and Butler, M. and Cabot, J. and Cerone, A. and Cirstea, C. and Davies, J. and Denko, M. and Dingel, J. and others}
}

@article{butler1997action,
  title={Action System Analysis of an Authentication Protocol},
  author={Butler, MJ},
  year={1997},
  publisher={Springer-Verlag, Berlin}
}

@article{fathabadiatomicity,
  title={Atomicity Decomposition a Technique for Structuring Refinement in Event-B},
  author={Fathabadi, A.S. and Butler, M.}
}

@article{butler1997review,
  title={Review of Abrial, J.-R. The B-Book},
  author={Butler, MJ},
  journal={The Computer J.},
  volume={40},
  number={1},
  pages={59--61},
  year={1997}
}

@article{butler1993service,
  title={Service Specification Using Z},
  author={Butler, M. and others},
  year={1993}
}

@article{butler2011australia,
  title={Australia-Draft Minerals Resource Rent Tax Bill and Explanatory Material Released‚ÄîIs the MRRT Really a Penalty for Being Australian? This article follows the progress of the Australian government's proposal to introduce a minerals resource rent tax from 1 July 2012. Additionally, the petroleum resource rent tax will also be extended from that date to cover all Australian oil and gas projects, whether offshore or onshore. The article focuses on a number of design features of the draft Minerals Resource Rent Tax Bill 2011 and also comments on a number of significant legal issues arising under the Bill.},
  author={Butler, M.},
  journal={Asia Pacific Tax Bulletin},
  volume={17},
  number={4},
  pages={278},
  year={2011}
}

@article{snook2011uml,
  title={UML-B},
  author={Snook, C. and Savicks, V. and Butler, M.},
  journal={Formal Methods for Components and Objects: 9th International Symposium, Fmco 2010, Graz, Austria, November 29-December 1, 2010},
  volume={6957},
  pages={251},
  year={2011},
  publisher={Springer-Verlag New York Inc}
}

@article{butler1994applications,
  title={Applications of Summation and Product Operators in the Refinement Calculus},
  author={Butler, MJ and Back, RJR},
  year={1994},
  publisher={Aarhus University}
}

@article{oppliger2006ssl,
  title={{SSL}/{TLS} session-aware user authentication--Or how to effectively thwart the man-in-the-middle},
  author={Oppliger, R. and Hauser, R. and Basin, D.},
  journal={Computer Communications},
  volume={29},
  number={12},
  pages={2238--2246},
  year={2006},
  publisher={Elsevier}
}

@article{rubin2002security,
  title={Security considerations for remote electronic voting},
  author={Rubin, A.D.},
  journal={Communications of the ACM},
  volume={45},
  number={12},
  pages={39--44},
  year={2002},
  publisher={ACM}
}

@article{posner2000florida,
  title={Florida 2000: A Legal and Statistical Analylsis of the Election Deadlock and the Ensuing Litigation},
  author={Posner, R.A.},
  journal={Sup. Ct. Rev.},
  pages={1},
  year={2000},
  publisher={HeinOnline}
}

@inproceedings{goggin2007examination,
  title={An examination of the auditability of voter verified paper audit trail (VVPAT) ballots},
  author={Goggin, S.N. and Byrne, M.D.},
  booktitle={Proc. 2007 USENIX/ACCURATE Electronic Voting Technology Workshop (EVT 07)(Aug. 2007)},
  year={2007}
}

@article{villafiorita2009development,
  title={Development, formal verification, and evaluation of an E-voting system with VVPAT},
  author={Villafiorita, A. and Weldemariam, K. and Tiella, R.},
  journal={Information Forensics and Security, IEEE Transactions on},
  volume={4},
  number={4},
  pages={651--661},
  year={2009},
  publisher={IEEE}
}

@inproceedings{goggin2008comparing,
  title={Comparing the auditability of optical scan, voter verified paper audit trail (VVPAT) and video (VVVAT) ballot systems},
  author={Goggin, S.N. and Byrne, M.D. and Gilbert, J.E. and Rogers, G. and McClendon, J.},
  booktitle={Proceedings of the conference on Electronic voting technology},
  pages={9},
  year={2008},
  organization={USENIX Association}
}

@article{ryan2006verified,
  title={Verified encrypted paper audit trails},
  author={Ryan, PYA},
  journal={TECHNICAL REPORT SERIES-UNIVERSITY OF NEWCASTLE UPON TYNE COMPUTING SCIENCE},
  volume={966},
  year={2006},
  publisher={Citeseer}
}

@inproceedings{xia2005hardening,
  title={Hardening Web browsers against man-in-the-middle and eavesdropping attacks},
  author={Xia, H. and Brustoloni, J.C.},
  booktitle={Proceedings of the 14th international conference on World Wide Web},
  pages={489--498},
  year={2005},
  organization={ACM}
}

@book{stallings2003cryptography,
  title={Cryptography and network security},
  author={Stallings, W.},
  volume={2},
  year={2003},
  publisher={prentice hall}
}

@article{espelid2008proof,
  title={A proof of concept attack against norwegian internet banking systems},
  author={Espelid, Y. and Netland, L.H. and Klingsheim, A. and Hole, K.},
  journal={Financial Cryptography and Data Security},
  pages={197--201},
  year={2008},
  publisher={Springer}
}

@inproceedings{Brooks:2010:LLL:1852666.1852732,
 author = {Brooks, R. R. and Deng, Juan},
 title = {Lies and the lying liars that tell them: a fair and balanced look at {TLS}},
 booktitle = {Proceedings of the Sixth Annual Workshop on Cyber Security and Information Intelligence Research},
 series = {CSIIRW '10},
 year = {2010},
 isbn = {978-1-4503-0017-9},
 location = {Oak Ridge, Tennessee},
 pages = {59:1--59:3},
 articleno = {59},
 numpages = {3},
 url = {http://doi.acm.org/10.1145/1852666.1852732},
 doi = {10.1145/1852666.1852732},
 acmid = {1852732},
 publisher = {ACM},
 address = {New York, NY, USA},
 keywords = {SSL/TLS, e-commerce, man-in-the-middle (MITM), trust, trusting trust},
} 

@inproceedings{Sandler:2008:VTV:1496711.1496735,
 author = {Sandler, Daniel and Derr, Kyle and Wallach, Dan S.},
 title = {VoteBox: a tamper-evident, verifiable electronic voting system},
 booktitle = {Proceedings of the 17th conference on Security symposium},
 series = {SS'08},
 year = {2008},
 location = {San Jose, CA},
 pages = {349--364},
 numpages = {16},
 url = {http://dl.acm.org/citation.cfm?id=1496711.1496735},
 acmid = {1496735},
 publisher = {USENIX Association},
 address = {Berkeley, CA, USA},
} 

@inproceedings{fernandez2004methodology,
  title={A methodology for secure software design},
  author={Fernandez, E.B.},
  booktitle={Procs. of the 2004 Intl. Symposium on Web Services and Applications (ISWS'04)},
  pages={21--24},
  year={2004}
}

@inproceedings{goggin2008comparing,
  title={Comparing the auditability of optical scan, voter verified paper audit trail (VVPAT) and video (VVVAT) ballot systems},
  author={Goggin, S.N. and Byrne, M.D. and Gilbert, J.E. and Rogers, G. and McClendon, J.},
  booktitle={Proceedings of the conference on Electronic voting technology},
  pages={9},
  year={2008},
  organization={USENIX Association}
}

@inproceedings{goggin2007examination,
  title={An examination of the auditability of voter verified paper audit trail (VVPAT) ballots},
  author={Goggin, S.N. and Byrne, M.D.},
  booktitle={Proc. 2007 USENIX/ACCURATE Electronic Voting Technology Workshop (EVT 07)(Aug. 2007)},
  year={2007}
}

@article{ballotsigning,
	title = {On privacy and anonymity in electronic and non electronic voting: the ballot-as-signature attack.},
	author = {Di Cosmo, Roberto},
	year = {2007},
	keywords = {Computer Science/Cryptography and Security, privacy, anonymity, electronic voting, voting, signature attack},
	abstract = {A wealth of protocols for electronic voting have been proposed in the literature over the past years. What makes these protocols difficult to conceive and verify is one fundamental property, anonymity, which is of paramount importance in the real world, in particular when performing actual political elections. Historically, certain techniques have been used in actual elections to nullify anonymity and effectively coerce voters, by exploiting an evident weakness in many voting protocols; these techniques were used in traditional elections well before the notion of electronic voting was even proposed, yet, they still seem to be little known: as a consequence, we find recent proposals of voting protocols that can easily be attacked this way, like Rivest's ThreeBallot scheme, or clever attempts at formal definitions of privacy and anonymity properties that would not rule out such flawed protocols. In this paper, we describe one old technique, effectively used in Italy over twenty years ago, and show how the flaws or incompleteness in current protocols and formalization can be clearly exposed just through that simple idea. We also show how this very same simple attack can be effectively used today on US-style elections, regardless of the presence of a VVPB or VVPT. We hope that a wide circulation of this simple ideas will help design better protocols and formalization in the near future.},
	publisher = {HAL - CCSD},
	url = {http://hal.archives-ouvertes.fr/hal-00142440/en/},
	institution = {CCSd/HAL : e-articles server (based on gBUS) [http://hal.ccsd.cnrs.fr/oai/oai.php] (France)},
}

@article{spencer2003election,
  title={The Election Markup Language},
  author={Spencer, P. and Consulting, B.},
  journal={XML Europe 2003},
  year={2003}
}

@mastersthesis{jackson2009lightweight,
  title={A lightweight specification language for bounded program verification},
  author={Jackson, D.N. and Yessenov, K.T. and others},
  year={2009},
  school={Massachusetts Institute of Technology}
}


@article{ahrendt2005key,
  title={The {KeY} tool},
  author={Ahrendt, W. and Baar, T. and Beckert, B. and Bubel, R. and Giese, M. and H{\"a}hnle, R. and Menzel, W. and Mostowski, W. and Roth, A. and Schlager, S. and others},
  journal={Software and Systems Modeling},
  volume={4},
  number={1},
  pages={32--54},
  year={2005},
  publisher={Springer}
}

@book{jackson2012software,
  title={Software Abstractions: logic, language and analysis},
  author={Jackson, D.},
  year={2012},
  publisher={MIT Press (MA)}
}

@incollection {springerlink:10.1007/3-540-45319-9_40,
   author = {Del Castillo, Giuseppe},
   affiliation = {Universität Paderborn Heinz Nixdorf Institut Fürstenallee 11 33102 Paderborn Germany},
   title = {The {ASM} Workbench: A Tool Environment for Computer-Aided Analysis and Validation of Abstract State Machine Models},
   booktitle = {Tools and Algorithms for the Construction and Analysis of Systems},
   series = {Lecture Notes in Computer Science},
   editor = {Margaria, Tiziana and Yi, Wang},
   publisher = {Springer Berlin / Heidelberg},
   isbn = {978-3-540-41865-8},
   keyword = {Computer Science},
   pages = {578-581},
   volume = {2031},
   abstract = {Gurevich’s Abstract State Machines (ASMs) constitute a high-level state-based modelling language, which has been used in a wide range of applications. The ASM Workbench is a comprehensive tool environment supporting the development and computer-aided analysis and validation of ASM models. It is based on a typed version of the ASM language, called ASM-SL, and includes features for type-checking, simulation, debugging, and verification of ASM models.},
   year = {2001}
}

@article{owre1992pvs,
  title={PVS: A prototype verification system},
  author={Owre, S. and Rushby, J. and Shankar, N.},
  journal={Automated Deduction—CADE-11},
  pages={748--752},
  year={1992},
  publisher={Springer}
}

@inproceedings{owre1996pvs,
  title={PVS: Combining specification, proof checking, and model checking},
  author={Owre, S. and Rajan, S. and Rushby, J. and Shankar, N. and Srivas, M.},
  booktitle={Computer Aided Verification},
  pages={411--414},
  year={1996},
  organization={Springer}
}

@article{eker2003maude,
  title={The Maude LTL model checker and its implementation},
  author={Eker, S. and Meseguer, J. and Sridharanarayanan, A.},
  journal={Model Checking Software},
  pages={623--624},
  year={2003},
  publisher={Springer}
}

@article{eker2004maude,
  title={The Maude LTL model checker},
  author={Eker, S. and Meseguer, J. and Sridharanarayanan, A.},
  journal={Electronic Notes in Theoretical Computer Science},
  volume={71},
  pages={162--187},
  year={2004},
  publisher={Elsevier}
}

@article{dennis2008bounded,
  title={Bounded verification of voting software},
  author={Dennis, G. and Yessenov, K. and Jackson, D.},
  journal={Verified Software: Theories, Tools, Experiments},
  pages={130--145},
  year={2008},
  publisher={Springer}
}

@book{abrial2010modeling,
  title={Modeling in Event-B: system and software engineering},
  author={Abrial, J.R.},
  year={2010},
  publisher={Cambridge Univ Pr}
}