@MastersThesis{Kjolbro11,
  author =       {Olavur Kj\"{o}lbro},
  title =        "{Verifying the {Danish Voting System}}",
  school =       "{IT} University of Copenhagen",
  year =         2011,
  month =        may
}

@article{KoopmanPlasmeijer11,
  title =        {Testing with Functional Reference Implementations},
  author =       {Koopman, Pieter and Plasmeijer, Rinus},
  journal =      {Trends in Functional Programming},
  pages =        {134--149},
  year =         2011,
  publisher =    {Springer}
}

@TechReport{KoopmanEtAl07,
  title =        "Testing the {eSTV} program for the {Scottish} local
                  government elections",
  author =       {Koopman, Pieter and Hubbers, Engelbert and Pieters,
                  Wolter and Poll, Erik and de Vries, Rene},
  year =         2007,
  institution =  {Radboud University Nijmegen}
}

@article{Wing90,
  title =        {A specifier's introduction to formal methods},
  author =       {Wing, Jeannette M},
  journal =      {Computer},
  volume =       23,
  number =       9,
  pages =        {8--22},
  year =         1990,
  publisher =    {IEEE}
}

@InProceedings{RayadurgamHeimdahl01,
  title =        {Coverage based test-case generation using model
                  checkers},
  author =       {Rayadurgam, Sanjai and Heimdahl, Mats P.E.},
  booktitle =    "Proceedings of the {IEEE} International Conference
                  on the Engineering of Computer Based Systems
                  ({ECBS}'01)",
  pages =        {83--91},
  year =         2001,
  organization = {IEEE}
}

@Misc{Scotland,
  key =          {Scotland},
  author =       {The Scottish Ministers},
  title =        {Scottish Local Government Elections Order 2007, rule
                  45--52},
  month =        dec,
  year =         2006
}

@Misc{Emma,
  key =       {Emma},
  howpublished = {\url{https://github.com/jacoco}}
}

